@article{nunes2014survey,
  title={A survey of software-defined networking: Past, present, and future of programmable networks},
  author={Nunes, B and Mendonca, Marc and Nguyen, X and Obraczka, Katia and Turletti, Thierry},
  journal={IEEE Communications Surveys Tutorials }, 
  year={2014},
  publisher={IEEE}
}

@inproceedings{jain2013b4,
  title={B4: Experience with a globally-deployed software defined WAN},
  author={Jain, Sushant and Kumar, Alok and Mandal, Subhasree and Ong, Joon and Poutievski, Leon and Singh, Arjun and Venkata, Subbaiah and Wanderer, Jim and Zhou, Junlan and Zhu, Min and others},
  booktitle={Proceedings of the SIGCOMM, 2013},
  pages={3--14},
  year={2013},
  organization={ACM}
}

@inproceedings{bansal2012openradio,
  title={Openradio: a programmable wireless dataplane},
  author={Bansal, Manu and Mehlman, Jeffrey and Katti, Sachin and Levis, Philip},
  booktitle={Proceedings of the 1st HotSDN, 2012},
  pages={109--114},
  year={2012},
  organization={ACM}
}

@inproceedings{detti2013wireless,
  title={Wireless Mesh Software Defined Networks (wm{SDN})},
  author={Detti, Andrea and Pisa, Claudio and Salsano, Stefano and Blefari-Melazzi, Nicola},
  booktitle={Proceedings of the 9th WiMob, 2013},
  pages={89--95},
  year={2013},
  organization={IEEE}
}

@inproceedings{mendonca2012case,
  title={The case for software-defined networking in heterogeneous networked environments},
  author={Mendonca, Marc and Obraczka, Katia and Turletti, Thierry},
  booktitle={Proceedings of the 2012 ACM conference on CoNEXT},
  pages={59--60},
  year={2012},
  organization={ACM}
}


@article{mckeown2008openflow,
  title={{OpenFlow}: enabling innovation in campus networks},
  author={McKeown, Nick and Anderson, Tom and Balakrishnan, Hari and Parulkar, Guru and Peterson, Larry and Rexford, Jennifer and Shenker, Scott and Turner, Jonathan},
  journal={ACM SIGCOMM Computer Communication Review},
  volume={38},
  number={2},
  pages={69--74},
  year={2008},
  publisher={ACM}
}

@inproceedings{ku2014towards,
  title={Towards Software-Def0_sdnined VANET: Architectures and Services},
  author={Ku, Ian and Lu, You and Cerqueira, Eduardo and Gomes, Rafael and Gerla, Mario},
  booktitle={Proceedings of the Med-Hoc-Net 2014},
  year={2014}
}

@ARTICLE{6994333, 
author={Kreutz, D. and Ramos, F.M.V. and Esteves Verissimo, P. and Esteve Rothenberg, C. and Azodolmolky, S. and Uhlig, S.}, 
journal={Proceedings of the IEEE}, 
title={Software-Defined Networking: A Comprehensive Survey}, 
year={2015}, 
month={Jan}, 
volume={103}, 
number={1}, 
pages={14-76}, 
}
@inproceedings{phemius2013openflow,
  title={Openflow: Why latency does matter},
  author={Phemius, Kevin and Thales, Mathieu Bouet},
  booktitle={Proceedings of the IFIP IM, 2013},
  pages={680--683},
  year={2013},
  organization={IEEE}
}

@MISC{Santos13software-definednetworking,
    title = {Software-Defined Networking Based Capacity Sharing in Hybrid Networks},
	author = {Mateus A. S. Santos and Bruno T. De Oliveira and Cintia B. Margi and Bruno A. A. Nunes and Thierry Turletti and Inria Sophia Antipolis and Katia Obraczka},
    year = {2013}
}

@article{chung2013experiences,
  title={Experiences and Challenges in Deploying OpenFlow over Real Wireless Mesh Networks},
  author={Chung, Joaquin and Gonzalez, Grace and Armuelles, Ivan and Robles, Tomas and Alcarria, Ramon and Morales, Augusto},
  journal={Latin America Transactions, IEEE (Revista IEEE America Latina)},
  volume={11},
  number={3},
  pages={955--961},
  year={2013},
  publisher={IEEE}
}

@inproceedings{gutierrez2010ieee,
  title={An IEEE 802.11 MAC Software Defined Radio implementation for experimental wireless communications and networking research},
  author={Gutierrez-Agullo, Juan R and Coll-Perales, Baldomero and Gozalvez, Javier},
  booktitle={Proceedings of the IFIP WD, 2010},
  pages={1--5},
  year={2010},
  organization={IEEE}
}

@article{qadir2013building,
  title={Building Programmable Wireless Networks: An Architectural Survey},
  author={Qadir, Junaid and Ahmed, Nadeem and Ahad, Nauman},
  journal={arXiv preprint arXiv:1310.0251},
  year={2013}
}

@inproceedings{yap2010blueprint,
  title={Blueprint for introducing innovation into wireless mobile networks},
  author={Yap, Kok-Kiong and Sherwood, Rob and Kobayashi, Masayoshi and Huang, Te-Yuan and Chan, Michael and Handigol, Nikhil and McKeown, Nick and Parulkar, Guru},
  booktitle={Proceedings of the 2nd SIGCOMM VISA, 2010},
  pages={25--32},
  year={2010},
  organization={ACM}
}

@inproceedings{caesar2005design,
  title={Design and implementation of a routing control platform},
  author={Caesar, Matthew and Caldwell, Donald and Feamster, Nick and Rexford, Jennifer and Shaikh, Aman and van der Merwe, Jacobus},
  booktitle={Proceedings of the 2nd NSDI-Volume 2},
  pages={15--28},
  year={2005},
  organization={USENIX Association}
}

@inproceedings{seddiki2014flowqos,
  title={Flowqos: Qos for the rest of us},
  author={Seddiki, M Said and Shahbaz, Muhammad and Donovan, Sean and Grover, Sarthak and Park, Miseon and Feamster, Nick and Song, Ye-Qiong},
  booktitle={Proceedings of the 3rd HotSDN, 2014},
  pages={207--208},
  year={2014},
  organization={ACM}
}

@article{feamster2013sdx,
  title={SDX: A software-defined internet exchange},
  author={Feamster, Nick and Rexford, Jennifer and Shenker, Scott and Clark, Russ and Hutchins, Ron and Levin, Dave and Bailey, Josh},
  journal={Proceedings of the ONS, 2013},
  year={2013}
}

@inproceedings{kim2012coronet,
  title={CORONET: Fault Tolerance for Software Defined Networks},
  author={Kim, Hyojoon and Santos, JR and Turner, Y and Schlansker, M and Tourrilhes, J and Feamster, Nick},
  booktitle={Proceedings of the 20th ICNP, 2012},
  pages={1--2},
  year={2012},
  organization={IEEE}
}

@article{gude2008nox,
  title={NOX: towards an operating system for networks},
  author={Gude, Natasha and Koponen, Teemu and Pettit, Justin and Pfaff, Ben and Casado, Mart{\'\i}n and McKeown, Nick and Shenker, Scott},
  journal={ACM SIGCOMM Computer Communication Review},
  volume={38},
  number={3},
  pages={105--110},
  year={2008},
  publisher={ACM}
}

@article{dely2013software,
  title={A software-defined networking approach for handover management with real-time video in {WLAN}s},
  author={Dely, Peter and Kassler, Andreas and Chow, Lawrence and Bambos, Nicholas and Bayer, Nico and Einsiedler, Hans and Peylo, Christoph and Mellado, Daniel and Sanchez, Miguel},
  journal={Journal of Modern Transportation},
  volume={21},
  number={1},
  pages={58--65},
  year={2013},
  publisher={Springer}
}

@inproceedings{dely2011openflow,
  title={Openflow for wireless mesh networks},
  author={Dely, Peter and Kassler, Andreas and Bayer, Nico},
  booktitle={Proceedings of the 20th ICCCN, 2011},
  pages={1--6},
  year={2011},
  organization={IEEE}
}

@article{yeganeh2013scalability,
  title={On scalability of software-defined networking},
  author={Yeganeh, Soheil Hassas and Tootoonchian, Amin and Ganjali, Yashar},
  journal={IEEE Communications Magazine,},
  volume={51},
  number={2},
  pages={136--141},
  year={2013},
  publisher={IEEE}
}


%%%%%%%%%%%%%%%%%%%%%%%%%%%%%%%%%%%%%%%%%%%%%%%%%%%%%%%%%%%%%%%%%%%%%%%%%%%%%%%%%%%%%%%%%%%%%%%%%%%%%%%%%
@inproceedings{guimaraes2013empowering,
  title={Empowering software defined wireless networks through media independent handover management},
  author={Guimaraes, Carlos and Corujo, Daniel and Aguiar, Rui L and Silva, Flavio and Frosi, Pedro},
  booktitle={Proceedings of the GLOBECOM, 2013},
  pages={2204--2209},
  year={2013},
  organization={IEEE}
}

@inproceedings{ascigil2014scalability,
  title={On the scalability of interdomain path computations},
  author={Ascigil, Onur and Calvert, Kenneth L and Griffioen, James N},
  booktitle={Proceedings of the 13th IFIP Networking, 2014},
  pages={1--9},
  year={2014},
  organization={IEEE}
}

@article{sezer2013we,
  title={Are we ready for SDN? Implementation challenges for software-defined networks},
  author={Sezer, Sakir and Scott-Hayward, Sandra and Chouhan, Pushpinder-Kaur and Fraser, Barbara and Lake, David and Finnegan, Jim and Viljoen, Niel and Miller, Marc and Rao, Navneet},
  journal={Communications Magazine, IEEE},
  volume={51},
  number={7},
  year={2013},
  publisher={IEEE}
}

@inproceedings{brito2014openwimesh,
  title={OpenWiMesh: A Framework for Software Defined Wireless Mesh Networks},
  author={Brito, Italo and Gramacho, Sergio and Ferreira, Ibirisol and Nazare, Marcelo and Sampaio, Leobino and Figueiredo, Gustavo B},
  booktitle={Symposium of the SBRC, 2014},
  pages={199--206},
  year={2014},
  organization={IEEE}
}

@article{foster2013languages,
  title={Languages for software-defined networks},
  author={Foster, Nate and Guha, Arjun and Reitblatt, Mark and Story, Alec and Freedman, Michael J and Katta, Naga Praveen and Monsanto, Christopher and Reich, Joshua and Rexford, Jennifer and Schlesinger, Cole and others},
  journal={Communications Magazine, IEEE},
  volume={51},
  number={2},
  pages={128--134},
  year={2013},
  publisher={IEEE}
}

@inproceedings{panda2013cap,
  title={CAP for Networks},
  author={Panda, Aurojit and Scott, Colin and Ghodsi, Ali and Koponen, Teemu and Shenker, Scott},
  booktitle={Proceedings of the 2nd HotSDN, 2013},
  pages={91--96},
  year={2013},
  organization={ACM}
}

@inproceedings{rosfive,
 author = {Ros, Francisco Javier and Ruiz, Pedro Miguel},
 title = {Five Nines of Southbound Reliability in Software-defined Networks},
 booktitle = {Proceedings of the 3rd HotSDN, 2014},
 year = {2014},
 pages = {31--36},
 publisher = {ACM},
} 

@article{shi2014fairness,
  title={Fairness in Wireless Networks: Issues, Measures and Challenges},
  author={Shi, Huaizhou and Prasad, R Venkatesha and Onur, Ertan and Niemegeers, IGMM},
  journal={IEEE Communications Surveys \& Tutorials},
  volume={16},
  number={1},
  pages={5--24},
  year={2014},
  publisher={IEEE}
}

@inproceedings{dixit2014elasticon,
  title={ElastiCon: an elastic distributed sdn controller},
  author={Dixit, Advait and Hao, Fang and Mukherjee, Sarit and Lakshman, TV and Kompella, Ramana Rao},
  booktitle={Proceedings of the 10th ANCS , 2014},
  pages={17--28},
  year={2014},
  organization={ACM}
}

@inproceedings{yu2014palantir,
  title={Palantir: Reseizing network proximity in large-scale distributed computing frameworks using sdn},
  author={Yu, Ze and Li, Min and Yang, Xin and Li, Xiaolin},
  booktitle={Proceedings of the 7th CLOUD, 2014},
  pages={440--447},
  year={2014},
  organization={IEEE}
}

@article{hock2014poco,
  title={{POCO-PLC:} Enabling Dynamic Pareto-Optimal Resilient Controller Placement in SDN Networks},
  author={Hock, David and Hartmann, Matthias and Gebert, Steffen and Zinner, Thomas and Tran-Gia, Phuoc},
  journal={Proceedings of the 33rd INFOCOM, 2014},
  year={2014}
}

@inproceedings{levin2012logically,
  title={Logically centralized?: state distribution trade-offs in software defined networks},
  author={Levin, Dan and Wundsam, Andreas and Heller, Brandon and Handigol, Nikhil and Feldmann, Anja},
  booktitle={Proceedings of the 1st HotSDN,2012},
  pages={1--6},
  year={2012},
  organization={ACM}
}

@inproceedings{Heller:2012:CPP:2342441.2342444,
 author = {Heller, Brandon and Sherwood, Rob and McKeown, Nick},
 title = {The Controller Placement Problem},
 booktitle = {Proceedings of the 3rd HotSDN,2012},
 year = {2012},
 pages = {7--12},
 publisher = {ACM},
} 


@inproceedings{berde2014onos,
  title={{ONOS}: towards an open, distributed {SDN OS}},
  author={Berde, Pankaj and Gerola, Matteo and Hart, Jonathan and Higuchi, Yuta and Kobayashi, Masayoshi and Koide, Toshio and Lantz, Bob and O'Connor, Brian and Radoslavov, Pavlin and Snow, William and others},
  booktitle={Proceedings of the 3rd HotSDN, 2014},
  pages={1--6},
  year={2014},
  organization={ACM}
}

@article{feamster2014road,
  title={The road to {SDN}: an intellectual history of programmable networks},
  author={Feamster, Nick and Rexford, Jennifer and Zegura, Ellen},
  journal={ACM SIGCOMM Computer Communication Review},
  volume={44},
  number={2},
  pages={87--98},
  year={2014},
  publisher={ACM}
}

@inproceedings{mininet,
 author = {Lantz, Bob and Heller, Brandon and McKeown, Nick},
 title = {A Network in a Laptop: Rapid Prototyping for Software-defined Networks},
 booktitle = {Proceedings of the 9th ACM SIGCOMM Workshop on Hotnets,2010},
 year = {2010},
 pages = {19:1--19:6},
 publisher = {ACM},
} 


@inproceedings{wang2014scotch,
  title={Scotch: Elastically Scaling up {SDN} Control-Plane using vSwitch based Overlay},
  author={Wang, An and Guo, Yang and Hao, Fang and Lakshman, TV and Chen, Songqing},
  booktitle={Proceedings of the 10th ACM CoNEXT, 2014},
  pages={403--414},
  year={2014},
  organization={ACM}
}

@inproceedings{roy2014design,
  title={Design and Management of DOT: A Distributed OpenFlow Testbed},
  author={Roy, Arup Raton and Bari, Md Faizul and Zhani, Mohamed Faten and Ahmed, Reaz and Boutaba, Raouf},
  booktitle={Proceedings of the 14th IEEE/IFIP NOMS, 2014},
  year={2014}
}

@inproceedings{ali2013crowd,
  title={CROWD: An {SDN} Approach for DenseNets},
  author={Ali-Ahmad, Hassan and Cicconetti, Claudio and De la Oliva, Antonio and Draxler, Martin and Gupta, Rohit and Mancuso, Vincenzo and Roullet, Laurent and Sciancalepore, Vincenzo},
  booktitle={Proceedings of the 2nd EWSDN, 2013},
  pages={25--31},
  year={2013},
  organization={IEEE}
}

@misc{openflow,
  title = {openflow-spec-v1.1.0},
  howpublished = {\url{http://archive.openflow.org/documents/openflow-spec-v1.1.0.pdf}},
}

@INPROCEEDINGS{chau2013Wireless, 
author={Chaudet, C. and Haddad, Y.}, 
title={Wireless Software Defined Networks:Challenges and opportunities}, 
booktitle={Proceedings of the COMCAS, 2013}, 
year={2013}, 
pages={1-5}, 
}

@ARTICLE{6821738, 
author={Xu Xiaodong and Zhang Huixin and Dai Xun and Hou Yanzhao and Tao Xiaofeng and Zhang Ping}, 
title={SDN based next generation Mobile Network with Service Slicing and trials}, 
journal={Communications, China}, 
year={2014}, 
volume={11}, 
number={2}, 
pages={65-77}, 
}

@inproceedings{Desai:2010:CLF:1831443.1831452,
 author = {Desai, Maulik and Nandagopal, Thyagarajan},
 title = {Coping with Link Failures in Centralized Control Plane Architectures},
 booktitle = {Proceedings of the 2nd COMSNET, 2010},
 year = {2010},
 pages = {79--88},
 publisher = {IEEE Press},
} 

@article{NiranjanMysore:2009:PSF:1594977.1592575,
 author = {Niranjan Mysore, Radhika and Pamboris, Andreas and Farrington, Nathan and Huang, Nelson and Miri, Pardis and Radhakrishnan, Sivasankar and Subramanya, Vikram and Vahdat, Amin},
 title = {PortLand: A Scalable Fault-tolerant Layer 2 Data Center Network Fabric},
 journal = {ACM SIGCOMM Computer Communication Review},
 issue_date = {October 2009},
 volume = {39},
 number = {4},
 year = {2009},
 pages = {39--50},
 publisher = {ACM},
} 

@inproceedings{Koponen:2010:ODC:1924943.1924968,
 author = {Koponen, Teemu and Casado, Martin and Gude, Natasha and Stribling, Jeremy and Poutievski, Leon and Zhu, Min and Ramanathan, Rajiv and Iwata, Yuichiro and Inoue, Hiroaki and Hama, Takayuki and Shenker, Scott},
 title = {Onix: A Distributed Control Platform for Large-scale Production Networks},
 booktitle = {Proceedings of the 9th USENIX Conference on OSDI, 2010},
 year = {2010},
 pages = {1--6},
 publisher = {USENIX Association},
} 

@Misc{nfvusecase,
 author = {ETSI},
 title = {Network Functions Virtualisation (NFV) Use Cases},
 howpublished = {\url{http://www.etsi.org/deliver/etsi_gs/NFV/001_099/001/01.01.01_60/gs_NFV001v010101p.pdf}},
 }



@Misc{ipassonline,
 author = {Cisco},
 title = {VNI Forecast Highlights},
 howpublished = {\url{http://www.cisco.com/web/solutions/sp/vni/vni_forecast_highlights/index.html}},
 }

@misc{ns3,
  title = {Ns-3.22 - Nsnam},
  howpublished = {\url{https://www.nsnam.org/wiki/Ns-3.22}},
}

@TechReport{ciscoglobalwhite,
title = {Cisco Visual Networking Index: Forecast and Methodology, 2013–2018},
institution = {Cisco},
year = {2014},
OPTtype = {Cisco White Paper},
OPTmonth = {Feb},
}

@misc{asdataset,
title = {SNAP Autonomous systems {AS}-733 data set},
  OPThowpublished = {\url{http://snap.stanford.edu/data/as.html}},
}

@misc{oregondataset,
title = {SNAP Autonomous systems - Oregon-1 data set},
  howpublished = {\url{http://snap.stanford.edu/data/oregon1.html}},
}

@misc{qemu,
title = {{QuickEmulator}},
  howpublished = {\url{http://wiki.qemu.org/Main_Page}},
}

@TechReport{ciscomobilewhite,
title = {Cisco Visual Networking Index: Global Mobile Data Traffic Forecast Update, 2013–2018},
institution = {Cisco},
year = {2014},
type = {Cisco White Paper},
month = {Feb},
}

@INPROCEEDINGS{gui2014enh, 
author={Guimaraes, C. and Corujo, D. and Aguiar, R.L.}, 
booktitle={Proceedings of the ICC, 2014}, 
title={Enhancing openflow with Media Independent Management capabilities}, 
year={2014}, 
month={June}, 
pages={2995-3000}, 
}
@book{alon2004probabilistic,
  title={The probabilistic method},
  author={Alon, Noga and Spencer, Joel H},
  year={2004},
  publisher={John Wiley \& Sons}
}

@article{diego2014sdn,
  author    = {Diego Kreutz and
               Fernando M. V. Ramos and
               Paulo Ver{\'{\i}}ssimo and
               Christian Esteve Rothenberg and
               Siamak Azodolmolky and
               Steve Uhlig},
  title     = {{Software-Defined Networking:} {A} Comprehensive Survey},
  journal   = {CoRR},
  volume    = {abs/1406.0440},
  year      = {2014},
}

@ARTICLE{Fei2014,
author={Fei Hu and Qi Hao and Ke Bao},
journal={Communications Surveys Tutorials, IEEE},
title={A Survey on Software-Defined Network and OpenFlow: From Concept to Implementation},
year={2014},
month={Fourthquarter},
volume={16},
number={4},
pages={2181-2206},
}

%%%%%%%%%%%%%%%%%%%%%%%%%%%%%%%%%%%%%%%%%%%%%%%%%%%%%%
