@INPROCEEDINGS{8406134,
  AUTHOR = {Zhao, S. and Medhi, D.},
  BOOKTITLE = {NOMS 2018 - 2018 IEEE/IFIP Network Operations and Management Symposium},
  DATE = {2018-04},
  PAGES = {1--6},
  TITLE = {Application performance optimization using application-aware networking},
}
%%%%%%%%%%%%%%%%%%%%%%%%%%%%%%%%%%%%%%%%%%%%%%%%%%%%%%%%%%%%
@ARTICLE{8494732,
  AUTHOR = {Khaleel, A. and Al-Raweshidy, H.},
  DATE = {2018},
  JOURNALTITLE = {IEEE Access},
  PAGES = {61351--61365},
  TITLE = {Optimization of Computing and Networking Resources of a Hadoop Cluster Based on Software Defined Network},
  VOLUME = {6},
}
%%%%%%%%%%%%%%%%%%%%%%%%%%%%%%%%%%%%%%%%%%%%%%%%%%%%%%%%%%%%
@ARTICLE{8361574,
  AUTHOR = {Meng, Q. and Wang, K. and He, X. and Guo, M.},
  DATE = {2018-09},
  JOURNALTITLE = {Big Data Mining and Analytics},
  NUMBER = {3},
  PAGES = {222--233},
  TITLE = {{QoE}-driven big data management in pervasive edge computing environment},
  VOLUME = {1},
}
%%%%%%%%%%%%%%%%%%%%%%%%%%%%%%%%%%%%%%%%%%%%%%%%%%%%%%%%%%%%
@INPROCEEDINGS{8319184,
  AUTHOR = {Wang, Q. and Lee, B. and Murray, N. and Qiao, Y.},
  BOOKTITLE = {2018 15th  IEEE CCNC},
  DATE = {2018-01},
  PAGES = {1--6},
  TITLE = {{MR-IoT}: An information centric {MapReduce} framework for {IoT}},
}
%%%%%%%%%%%%%%%%%%%%%%%%%%%%%%%%%%%%%%%%%%%%%%%%%%%%%%%%%%%%
@ARTICLE{cloudspi,
  AUTHOR = {Toosi, Adel and Jungmin, Son and Rajkumar, Buyya},
  DATE = {2018-09},
  TITLE = {{CLOUDS-Pi:} A Low-Cost Raspberry-Pi based Testbed for {Software-Defined-Networking} in Clouds},
}
%%%%%%%%%%%%%%%%%%%%%%%%%%%%%%%%%%%%%%%%%%%%%%%%%%%%%%%%%%%%
@inproceedings {227617,
author = {Vojislav {\DH}uki{\'c} and Sangeetha Abdu Jyothi and Bojan Karlas and Muhsen Owaida and Ce Zhang and Ankit Singla},
title = {Is advance knowledge of flow sizes a plausible assumption?},
booktitle = {16th {USENIX} Symposium on {NSDI}},
year = {2019},
address = {Boston, MA},
pages = {565--580},
publisher = {{USENIX} Association},
month = {feb},
}
%%%%%%%%%%%%%%%%%%%%%%%%%%%%%%%%%%%%%%%%%%%%%%%%%%%%%%%%%%%%
@inproceedings{Zave:2017:DSC:3098822.3098827,
 author = {Zave, Pamela and Ferreira, Ronaldo A. and Zou, Xuan Kelvin and Morimoto, Masaharu and Rexford, Jennifer},
 title = {Dynamic Service Chaining with Dysco},
 booktitle = {30th Proceedings of the {ACM SIGCOMM}},
  year = {2017},
 location = {Los Angeles, CA, USA},
 pages = {57--70},
 numpages = {14},
 publisher = {ACM},
 }
%%%%%%%%%%%%%%%%%%%%%%%%%%%%%%%%%%%%%%%%%%%%%%%%%%%%%%%%%%%%
@inproceedings {225992,
author = {Da Yu and Yibo Zhu and Behnaz Arzani and Rodrigo Fonseca and Tianrong Zhang and Karl Deng and Lihua Yuan},
title = {dShark: A General, Easy to Program and Scalable Framework for Analyzing In-network Packet Traces},
booktitle = {16th {USENIX} Symposium on Networked Systems Design and Implementation ({NSDI} 19)},
year = {2019},
address = {Boston, MA},
pages = {207--220},
publisher = {{USENIX} Association},
month = {feb},
}
%%%%%%%%%%%%%%%%%%%%%%%%%%%%%%%%%%%%%%%%%%%%%%%%%%%%%%%%%%%%
@ARTICLE{8335764,
author={J. {Kampeas} and A. {Cohen} and O. {Gurewitz}},
journal={IEEE Transactions on Network and Service Management},
title={Traffic Classification Based on Zero-Length Packets},
year={2018},
volume={15},
number={3},
pages={1049-1062},
publisher = {IEEE},
month={Sep.},}
%%%%%%%%%%%%%%%%%%%%%%%%%%%%%%%%%%%%%%%%%%%%%%%%%%%%%%%%%%%%
@inproceedings{Anwer:2015:PSN:2774993.2774998,
 author = {Anwer, Bilal and Benson, Theophilus and Feamster, Nick and Levin, Dave},
 title = {Programming Slick Network Functions},
 booktitle = {Proceedings of the 1st ACM SIGCOMM Symposium on Software Defined Networking Research},
 series = {SOSR '15},
 year = {2015},
 isbn = {978-1-4503-3451-8},
 location = {Santa Clara, California},
 pages = {14:1--14:13},
 articleno = {14},
 numpages = {13},
 acmid = {2774998},
 publisher = {ACM},
 address = {New York, NY, USA},
}
%%%%%%%%%%%%%%%%%%%%%%%%%%%%%%%%%%%%%%%%%%%%%%%%%%%%%%%%%%%%
@inproceedings {179779,
author = {Seyed Kaveh Fayazbakhsh and Luis Chiang and Vyas Sekar and Minlan Yu and Jeffrey C. Mogul},
title = {Enforcing Network-Wide Policies in the Presence of Dynamic Middlebox Actions using FlowTags},
booktitle = {11th {USENIX} Symposium on {NSDI}},
year = {2014},
address = {Seattle, WA},
pages = {543--546},
publisher = {{USENIX} Association},
}
%%%%%%%%%%%%%%%%%%%%%%%%%%%%%%%%%%%%%%%%%%%%%%%%%%%%%%%%%%%%
@inproceedings{Qazi:2016:KMD:2890955.2890961,
 author = {Qazi, Zafar Ayyub and Penumarthi, Phani Krishna and Sekar, Vyas and Gopalakrishnan, Vijay and Joshi, Kaustubh and Das, Samir R.},
 title = {{KLEIN}: A Minimally Disruptive Design for an Elastic Cellular Core},
 booktitle = {2nd Proceedings of {SOSR}},
 year = {2016},
 location = {Santa Clara, CA, USA},
  articleno = {2},
 numpages = {12},
  publisher = {ACM},
 address = {NY, USA},
}
%%%%%%%%%%%%%%%%%%%%%%%%%%%%%%%%%%%%%%%%%%%%%%%%%%%%%%%%%%%%
@article{Qazi:2013:SMP:2534169.2486022,
 author = {Qazi, Zafar Ayyub and Tu, Cheng-Chun and Chiang, Luis and Miao, Rui and Sekar, Vyas and Yu, Minlan},
 title = {{SIMPLE}-fying Middlebox Policy Enforcement Using {SDN}},
 journal = {{SIGCOMM} Comput. Commun. Rev.},
 volume = {43},
 number = {4},
 month = {aug},
 year = {2013},
 pages = {27--38},
 publisher = {ACM},
 address = {NY, USA},
}
%%%%%%%%%%%%%%%%%%%%%%%%%%%%%%%%%%%%%%%%%%%%%%%%%%%%%%%%%%%%
@ARTICLE{8058439,
author={M. {Ghaznavi} and N. {Shahriar} and S. {Kamali} and R. {Ahmed} and R. {Boutaba}},
journal={IEEE Journal on Selected Areas in Communications},
title={Distributed Service Function Chaining},
year={2017},
volume={35},
number={11},
pages={2479-2489},
month={Nov},}
%%%%%%%%%%%%%%%%%%%%%%%%%%%%%%%%%%%%%%%%%%%%%%%%%%%%%%%%%%%%
@INPROCEEDINGS{203302,
  AUTHOR = {Cao, Lianjie and Sharma, Puneet and Fahmy, Sonia and Saxena, Vinay},
  LOCATION = {Santa Clara, CA},
  PUBLISHER = {{USENIX} Association},
  BOOKTITLE = {9th {USENIX} Workshop on Hot Topics in Cloud Computing (HotCloud 17)},
  DATE = {2017},
  TITLE = {{ENVI}: Elastic resource flexing for Network function Virtualization},
}
%%%%%%%%%%%%%%%%%%%%%%%%%%%%%%%%%%%%%%%%%%%%%%%%%%%%%%%%%%%%
@inproceedings{wang2018mr,
  title={{MR-IoT}: An information centric MapReduce framework for {IoT}},
  author={Wang, Qian and Lee, Brian and Murray, Niall and Qiao, Yuansong},
  booktitle={15th IEEE Proceedings CCNC},
  pages={1--6},
  address = {Las Vegas, USA},
  year={2018},
  PUBLISHER={IEEE}
}
%%%%%%%%%%%%%%%%%%%%%%%%%%%%%%%%%%%%%%%%%%%%%%%%%%%%%%%%%%%%
@ARTICLE{8277175,
author={J. {Wang} and H. {Qi} and K. {Li} and X. {Zhou}},
journal={IEEE Internet of Things Journal},
title={{PRSFC-IoT}: A Performance and Resource Aware Orchestration System of Service Function Chaining for Internet of Things},
year={2018},
volume={5},
number={3},
pages={1400-1410},
month={June},}
%%%%%%%%%%%%%%%%%%%%%%%%%%%%%%%%%%%%%%%%%%%%%%%%%%%%%%%%%%%%
@inproceedings{Lantz:2010:NLR:1868447.1868466,
 author = {Lantz, Bob and Heller, Brandon and McKeown, Nick},
 title = {A Network in a Laptop: Rapid Prototyping for Software-defined Networks},
 booktitle = {9th {ACM} Proceedings of {SIGCOMM} Workshop on {Hotnets}},
 year = {2010},
 location = {Monterey, California},
 pages = {19:1--19:6},
 articleno = {19},
 numpages = {6},
 publisher = {ACM},
 address = {NY, USA},
}
%%%%%%%%%%%%%%%%%%%%%%%%%%%%%%%%%%%%%%%%%%%%%%%%%%%%%%%%%%%%
@MISC{dpdk,
  URL = {https://www.dpdk.org/},
  TITLE = {Home - DPDK},
  year = {2019},
  month = {Sept},
  author= {Intel},
  note = {[accessed 10. Sept. 2019]},
}
%%%%%%%%%%%%%%%%%%%%%%%%%%%%%%%%%%%%%%%%%%%%%%%%%%%%%%%%%%%%
@MISC{squid,
  URL = {https://hub.docker.com/r/sameersbn/squid/},
  TITLE = {Docker Squid},
  year = {2019},
  month = {Sept},
  author= {Sameer Naik},
  note = {[accessed 10. Sept. 2019]},
}
%%%%%%%%%%%%%%%%%%%%%%%%%%%%%%%%%%%%%%%%%%%%%%%%%%%%%%%%%%%%
@MISC{haproxy,
  URL = {https://hub.docker.com/_/haproxy/},
  TITLE = {Docker HAproxy},
  year = {2019},
  month = {Sept},
  author= {Intel},
  note = {[accessed 10. Sept. 2019]},
}
%%%%%%%%%%%%%%%%%%%%%%%%%%%%%%%%%%%%%%%%%%%%%%%%%%%%%%%%%%%%
@MISC{zeek,
  URL = {https://github.com/blacktop/docker-zeek},
  TITLE = {The Zeek Network Security Monitor},
  year = {2019},
  month = {Sept},
  author= {Zeek},
  note = {[accessed 10. Sept. 2019]},
}
%%%%%%%%%%%%%%%%%%%%%%%%%%%%%%%%%%%%%%%%%%%%%%%%%%%%%%%%%%%%
@MISC{criu,
  URL = {https://criu.org/Live_migration},
  TITLE = {Live migration - CRIU},
  year = {2019},
  month = {Sept},
  author= {CRIU},
  note = {[accessed 10. Sept. 2019]},
}
%%%%%%%%%%%%%%%%%%%%%%%%%%%%%%%%%%%%%%%%%%%%%%%%%%%%%%%%%%%%
@MISC{l2tp,
  URL = {https://en.wikipedia.org/wiki/Layer_2_Tunneling_Protocol},
  TITLE = {Layer 2 Tunneling Protocol},
  year = {2019},
  month = {Sept},
  author= {Wikipedia},
  note = {[accessed 10. Sept. 2019]},
}
%%%%%%%%%%%%%%%%%%%%%%%%%%%%%%%%%%%%%%%%%%%%%%%%%%%%%%%%%%%%
@MISC{docker-py,
  URL = {https://docker-py.readthedocs.io/en/stable/},
  TITLE = {Docker SDK for Python},
  year = {2019},
  month = {Sept},
  author= {Docker Inc.},
  note = {[accessed 10. Sept. 2019]},
}
%%%%%%%%%%%%%%%%%%%%%%%%%%%%%%%%%%%%%%%%%%%%%%%%%%%%%%%%%%%%
@inproceedings {180843,
author = {Luigi Rizzo},
title = {netmap: A Novel Framework for Fast Packet I/O},
booktitle = {2012 {USENIX} Annual Technical Conference ({USENIX} {ATC} 12)},
year = {2012},
isbn = {978-931971-93-5},
address = {Boston, MA},
pages = {101--112},
url = {https://www.usenix.org/conference/atc12/technical-sessions/presentation/rizzo},
publisher = {{USENIX} Association},
}
%%%%%%%%%%%%%%%%%%%%%%%%%%%%%%%%%%%%%%%%%%%%%%%%%%%%%%%%%%%%
@MISC{distdeepqlearning,
  HOWPUBLISHED = {\url{https://arxiv.org/abs/1508.04186v2}},
  TITLE = {Distributed Deep Q-Learning},
  year = {2019},
  month = {Sept},
  note = {[accessed 10. Sept. 2019]},
}
%%%%%%%%%%%%%%%%%%%%%%%%%%%%%%%%%%%%%%%%%%%%%%%%%%%%%%%%%%%%
@MISC{etsizerotouch,
  URL = {https://www.etsi.org/technologies/zero-touch-network-service-management},
  TITLE = {ETSI - ZSM - Zero touch network and service management},
  year = {2019},
  month = {Sept},
  author= {ETSI},
  note = {[accessed 10. Sept. 2019]},
}
%%%%%%%%%%%%%%%%%%%%%%%%%%%%%%%%%%%%%%%%%%%%%%%%%%%%%%%%%%%%
@MISC{nsh,
  URL = {https://tools.ietf.org/html/rfc8300},
  TITLE = {RFC 8300 - Network Service Header {(NSH)}},
  year = {2019},
  month = {Sept},
  author= {IETF},
  note = {[accessed 10. Sept. 2019]},
}
%%%%%%%%%%%%%%%%%%%%%%%%%%%%%%%%%%%%%%%%%%%%%%%%%%%%%%%%%%%%
@MISC{kubernates,
  URL = {https://kubernetes.io/},
  TITLE = {Production-Grade Container Orchestration -Kubernates},
  year = {2019},
  month = {Sept},
  author= {Kubernates},
  note = {[accessed 10. Sept. 2019]},
}
%%%%%%%%%%%%%%%%%%%%%%%%%%%%%%%%%%%%%%%%%%%%%%%%%%%%%%%%%%%%
@MISC{containernet,
  URL = {https://containernet.github.io/},
  author={GitHub},
  TITLE = {Overview Containernet},
  year = {2019},
  month = {Sept},
  note = {[accessed 10. Sept. 2019]},
}
%%%%%%%%%%%%%%%%%%%%%%%%%%%%%%%%%%%%%%%%%%%%%%%%%%%%%%%%%%%%
@INPROCEEDINGS{7993856,
author={S. I. {Kim} and H. S. {Kim}},
booktitle={2017 Ninth International Conference on Ubiquitous and Future Networks (ICUFN)},
title={A research on dynamic service function chaining based on reinforcement learning using resource usage},
year={2017},
volume={},
number={},
publisher = {IEEE},
address= {Paris, France},
pages={582-586},
month={July},}
%%%%%%%%%%%%%%%%%%%%%%%%%%%%%%%%%%%%%%%%%%%%%%%%%%%%%%%%%%%%
@INPROCEEDINGS{8685866,
author={H. T. {Nguyen} and T. V. {Do} and A. {Hegyi} and C. {Rotter}},
booktitle={2019 22nd Conference on Innovation in Clouds, Internet and Networks and Workshops (ICIN)},
title={An Approach to Apply Reinforcement Learning for a VNF Scaling Problem},
year={2019},
volume={},
number={},
pages={94-99},
month={Feb},
publisher = {IEEE},
address= {Paris, France},
}
%%%%%%%%%%%%%%%%%%%%%%%%%%%%%%%%%%%%%%%%%%%%%%%%%%%%%%%%%%%%
@inproceedings{Naik:2018:LBV:3267809.3267831,
 author = {Naik, Priyanka and Kanase, Akash and Patel, Trishal and Vutukuru, Mythili},
 title = {libVNF: Building Virtual Network Functions Made Easy},
 booktitle = {Proceedings of the ACM Symposium on Cloud Computing},
 series = {SoCC '18},
 year = {2018},
 isbn = {978-1-4503-6011-1},
 location = {Carlsbad, CA, USA},
 pages = {212--224},
 numpages = {13},
 url = {http://doi.acm.org/10.1145/3267809.3267831},
 doi = {10.1145/3267809.3267831},
 acmid = {3267831},
 publisher = {ACM},
 address = {New York, NY, USA},
 keywords = {DPDK, Network Function Virtualization, kernel-bypass, mTCP, netmap},
}
%%%%%%%%%%%%%%%%%%%%%%%%%%%%%%%%%%%%%%%%%%%%%%%%%%%%%%%%%%%%
@INPROCEEDINGS{7987308,
author={T. {Miyazawa} and V. P. {Kafle} and H. {Harai}},
booktitle={2017 IFIP/IEEE Symposium on Integrated Network and Service Management (IM)},
title={Reinforcement learning based dynamic resource migration for virtual networks},
year={2017},
volume={},
number={},
pages={428-434},
publisher={IFIP/IEEE},
address={Lisbon, Portugal},
month={May},}
%%%%%%%%%%%%%%%%%%%%%%%%%%%%%%%%%%%%%%%%%%%%%%%%%%%%%%%%%%%%
@article{DBLP:journals/corr/abs-1305-0209,
  author    = {Aaron Gember and Anand Krishnamurthy and Saul St. John and Robert Grandl and Xiaoyang Gao and Ashok Anand and Theophilus Benson and Aditya Akella and Vyas Sekar},
  title     = {Stratos: {A} Network-Aware Orchestration Layer for Middleboxes in the Cloud},
  journal   = {arXiv CoRR},
  volume    = {abs/1305.0209},
  year      = {2013},
}
%%%%%%%%%%%%%%%%%%%%%%%%%%%%%%%%%%%%%%%%%%%%%%%%%%%%%%%%%%%%
@inproceedings{DBLP:conf/infocom/2019,
  author    = {Subhrendu Chattopadhyay and
               Soumyajit Chatterjee and
               Sukumar Nandi and
               Sandip Chakraborty},
  title     = {Aloe: An Elastic Auto-Scaled and Self-stabilized Orchestration Framework
               for IoT Applications},
  booktitle = {37th {IEEE} Proceedings of {INFOCOM}},
  address= {Paris, France},
  pages     = {802--810},
  year      = {2019},
  publisher= {IEEE},
}
%%%%%%%%%%%%%%%%%%%%%%%%%%%%%%%%%%%%%%%%%%%%%%%%%%%%%%%%%%%%
@ARTICLE{8247219,
author={B. {Yang} and W. K. {Chai} and Z. {Xu} and K. V. {Katsaros} and G. {Pavlou}},
journal={IEEE Transactions on Network and Service Management},
title={Cost-Efficient NFV-Enabled Mobile Edge-Cloud for Low Latency Mobile Applications},
year={2018},
volume={15},
number={1},
pages={475-488},
month={March},}
%%%%%%%%%%%%%%%%%%%%%%%%%%%%%%%%%%%%%%%%%%%%%%%%%%%%%%%%%%%%
@article{Dreyfus:1969:ASA:2789884.2789886,
 author = {Dreyfus, Stuart E.},
 title = {An Appraisal of Some Shortest-Path Algorithms},
 journal = {Oper. Res.},
 issue_date = {June 1969},
 volume = {17},
 number = {3},
 year = {1969},
 issn = {0030-364X},
 pages = {395--412},
 numpages = {18},
 publisher = {INFORMS},
 address = {Institute for Operations Research and the Management Sciences (INFORMS), Linthicum, Maryland, USA},
}
%%%%%%%%%%%%%%%%%%%%%%%%%%%%%%%%%%%%%%%%%%%%%%%%%%%%%%%%%%%%
@ARTICLE{8502709,
author={Z. {Xu} and W. {Liang} and M. {Jia} and M. {Huang} and G. {Mao}},
journal={IEEE Transactions on Mobile Computing},
title={Task Offloading with Network Function Requirements in a Mobile Edge-Cloud Network},
year={2019},
volume={18},
number={11},
pages={2672-2685},
month={Nov},}
%%%%%%%%%%%%%%%%%%%%%%%%%%%%%%%%%%%%%%%%%%%%%%%%%%%%%%%%%%%%
@ARTICLE{6560419,
author={M. Z. {Shafiq} and L. {Ji} and A. X. {Liu} and J. {Pang} and J. {Wang}},
journal={IEEE/ACM Transactions on Networking},
title={Large-Scale Measurement and Characterization of Cellular Machine-to-Machine Traffic},
year={2013},
volume={21},
number={6},
pages={1960-1973},
month={Dec},}
%%%%%%%%%%%%%%%%%%%%%%%%%%%%%%%%%%%%%%%%%%%%%%%%%%%%%%%%%%%%
@article{GUBBI20131645,
title = {Internet of Things (IoT): A vision, architectural elements, and future directions},
journal = {Future Generation Computer Systems},
volume = {29},
number = {7},
pages = {1645 - 1660},
year = {2013},
author = {Jayavardhana Gubbi and Rajkumar Buyya and Slaven Marusic and Marimuthu Palaniswami},
}
%%%%%%%%%%%%%%%%%%%%%%%%%%%%%%%%%%%%%%%%%%%%%%%%%%%%%%%%%%%%
@article{sun2018service,
author={G. {Sun} and Y. {Li} and D. {Liao} and V. {Chang}},
journal={IEEE Transactions on Network and Service Management},
title={Service Function Chain Orchestration Across Multiple Domains: A Full Mesh Aggregation Approach},
year={2018},
volume={15},
number={3},
pages={1175-1191},
month={Sep.},}
%%%%%%%%%%%%%%%%%%%%%%%%%%%%%%%%%%%%%%%%%%%%%%%%%%%%%%%%%%%%
@misc{cgroups,
	title = {{CGROUPS(7)}},
	author={Linux Programmer's Manual },
	year = {2019},
	month = {May},
	note = {[accessed 10 Dec, 2019]},
	url = {http://man7.org/linux/man-pages/man7/cgroups.7.html}
}

%%%%%%%%%%%%%%%%%%%%%%%%%%%%%%%%%%%%%%%%%%%%%%%%%%%%%%%%%%%%
@misc{iotdeployment,
	title = {{Sigfox Canada launches world's largest {IoT} network with coast-to-coast availability}},
	author={IoT News},
	year = {2019},
	month = {May},
	note = {[accessed 10 Dec, 2019]},
	url = {https://www.iottechnews.com/news/2019/apr/09/sigfox-canada-launches-worlds-largest-iot-network-availability/}
}
%%%%%%%%%%%%%%%%%%%%%%%%%%%%%%%%%%%%%%%%%%%%%%%%%%%%%%%%%%%%
@phdthesis{Panda:EECS-2017-141,
    Author = {Panda, Aurojit},
    Title = {A New Approach to Network Function Virtualization},
    School = {EECS Department, University of California, Berkeley},
    Year = {2017},
    Month = {Aug},
    URL = {http://www2.eecs.berkeley.edu/Pubs/TechRpts/2017/EECS-2017-141.html},
    Number = {UCB/EECS-2017-141},
}
%%%%%%%%%%%%%%%%%%%%%%%%%%%%%%%%%%%%%%%%%%%%%%%%%%%%%%%%%%%%
@inproceedings{Sherry:2012:MMS:2342356.2342359,
 author = {Sherry, Justine and Hasan, Shaddi and Scott, Colin and Krishnamurthy, Arvind and Ratnasamy, Sylvia and Sekar, Vyas},
 title = {Making Middleboxes Someone else's Problem: Network Processing As a Cloud Service},
 booktitle = {Proceedings of the ACM SIGCOMM 2012 Conference on Applications, Technologies, Architectures, and Protocols for Computer Communication},
 series = {SIGCOMM '12},
 year = {2012},
 isbn = {978-1-4503-1419-0},
 location = {Helsinki, Finland},
 pages = {13--24},
 numpages = {12},
 url = {http://doi.acm.org/10.1145/2342356.2342359},
 doi = {10.1145/2342356.2342359},
 acmid = {2342359},
 publisher = {ACM},
 address = {New York, NY, USA},
 keywords = {cloud, middlebox, outsourcing},
}
%%%%%%%%%%%%%%%%%%%%%%%%%%%%%%%%%%%%%%%%%%%%%%%%%%%%%%%%%%%%
@INPROCEEDINGS{7114738,
author={Mohammadkhan, Ali and Ghapani, Sheida and Liu, Guyue and Zhang, Wei and Ramakrishnan, K. K. and Wood, Timothy},
booktitle={The 21st IEEE International Workshop on {LAN/MAN}},
title={Virtual function placement and traffic steering in flexible and dynamic software defined networks},
year={2015},
pages={1-6},
month={April},}
%%%%%%%%%%%%%%%%%%%%%%%%%%%%%%%%%%%%%%%%%%%%%%%%%%%%%%%%%%%%
@inproceedings {211293,
author = {Woo, Shinae  and Sherry, Justine and Han, Sangjin and Moon, Sue and Ratnasamy, Sylvia and Shenker, Scott},
title = {Elastic Scaling of Stateful Network Functions},
booktitle = {15th {USENIX} Symposium on {NSDI}},
year = {2018},
isbn = {978-1-939133-01-4},
address = {Renton, WA},
pages = {299--312},
publisher = {{USENIX} Association},
month = {apr},
}
%%%%%%%%%%%%%%%%%%%%%%%%%%%%%%%%%%%%%%%%%%%%%%%%%%%%%%%%%%%%
@InProceedings{10.1007/978-3-030-19759-9_6,
author={Charikar, Moses
and Naamad, Yonatan
and Rexford, Jenifer
and Zou, X. Kelvin},
title={Multi-commodity Flow with In-Network Processing},
booktitle={Algorithmic Aspects of Cloud Computing},
year={2019},
publisher={Springer International Publishing},
address={Cham},
pages={73--101},
}
%%%%%%%%%%%%%%%%%%%%%%%%%%%%%%%%%%%%%%%%%%%%%%%%%%%%%%%%%%%%
@ARTICLE{8428419,
author={H. {Hantouti} and N. {Benamar} and T. {Taleb} and A. {Laghrissi}},
journal={{IEEE} Communications Surveys Tutorials},
title={Traffic Steering for Service Function Chaining},
year={2019},
volume={21},
number={1},
pages={487-507},
month={Firstquarter},}
%%%%%%%%%%%%%%%%%%%%%%%%%%%%%%%%%%%%%%%%%%%%%%%%%%%%%%%%%%%%
@inproceedings{patel2013ananta,
  title={Ananta: Cloud scale load balancing},
  author={Patel, Parveen and Bansal, Deepak and Yuan, Lihua and Murthy, Ashwin and Greenberg, Albert and Maltz, David A and Kern, Randy and Kumar, Hemant and Zikos, Marios and Wu, Hongyu and others},
  booktitle={{SIGCOMM} Computer Communication Review},
  volume={43},
  number={4},
  pages={207--218},
  year={2013},
  organization={ACM}
}
%%%%%%%%%%%%%%%%%%%%%%%%%%%%%%%%%%%%%%%%%%%%%%%%%%%%%%%%%%%%
@article{haeffner2015service,
  title={Service function chaining use cases in mobile networks},
  author={Haeffner, W and Napper, J and Stiemerling, M and Lopez, D and Uttaro, J},
  journal={{IETF}},
  year={2015}
}
%%%%%%%%%%%%%%%%%%%%%%%%%%%%%%%%%%%%%%%%%%%%%%%%%%%%%%%%%%%%
@article{Bhamare:2016:SSF:3043113.3062415,
 author = {Bhamare, Deval and Jain, Raj and Samaka, Mohammed and Erbad, Aiman},
 title = {A Survey on Service Function Chaining},
 journal = {J. Netw. Comput. Appl.},
 issue_date = {November 2016},
 volume = {75},
 number = {C},
 month = {nov},
 year = {2016},
 issn = {1084-8045},
 pages = {138--155},
 numpages = {18},
} 
%%%%%%%%%%%%%%%%%%%%%%%%%%%%%%%%%%%%%%%%%%%%%%%%%%%%%%%%%%%%
@inproceedings {211243,
author = {Dalton, Michael and Schultz, David and Adriaens, Jacob and Arefin, Ahsan and Gupta, Anshuman and Fahs, Brian and Rubinstein, Dima and Zermeno, Enrique Cauich and Erik Rubow and Docauer, James Alexander and Alpert, Jesse and Ai, Jing and Olson, Jon and DeCabooter, Kevin and Kruijf, Marc de and Hua, Nan and Lewis, Nathan and Kasinadhuni, Nikhil and Crepaldi, Riccardo and Krishnan, Srinivas and Venkata, Subbaiah and Richter, Yossi and Naik, Uday and Vahdat, Amin},
title = {Andromeda: Performance, Isolation, and Velocity at Scale in Cloud Network Virtualization},
booktitle = {15th {USENIX} Symposium on {NSDI}},
year = {2018},
isbn = {978-1-939133-01-4},
address = {Renton, WA},
pages = {373--387},
month = {apr},
}
%%%%%%%%%%%%%%%%%%%%%%%%%%%%%%%%%%%%%%%%%%%%%%%%%%%%%%%%%%%%
@inproceedings {180307,
author = {Shriram Rajagopalan and Dan Williams and Hani Jamjoom and Andrew Warfield},
title = {Split/Merge: System Support for Elastic Execution in Virtual Middleboxes},
booktitle = {10th {USENIX} Symposium on {NSDI}},
year = {2013},
isbn = {978-1-931971-00-3},
address = {Lombard, IL},
pages = {227--240},
publisher = {{USENIX}},
}
%%%%%%%%%%%%%%%%%%%%%%%%%%%%%%%%%%%%%%%%%%%%%%%%%%%%%%%%%%%%
@inproceedings{khalid2019correctness,
  title={Correctness and Performance for Stateful Chained Network Functions.},
  author={Khalid, Junaid and Akella, Aditya},
  booktitle={NSDI},
  pages={501--516},
  year={2019}
}
%%%%%%%%%%%%%%%%%%%%%%%%%%%%%%%%%%%%%%%%%%%%%%%%%%%%%%%%%%%%
@INPROCEEDINGS{8816831,
author={A. {Wion} and M. {Bouet} and L. {Iannone} and V. {Conan}},
booktitle={18th IFIP Networking Conference},
title={Let there be Chaining: How to Augment your IGP to Chain your Services},
year={2019},
volume={},
number={},
pages={1-9},
month={May},}
%%%%%%%%%%%%%%%%%%%%%%%%%%%%%%%%%%%%%%%%%%%%%%%%%%%%%%%%%%%%
@INPROCEEDINGS{8696424,
author={F. {Duchene} and D. {Lebrun} and O. {Bonaventure}},
booktitle={17th IFIP Networking Conference and Workshops},
title={SRv6Pipes: enabling in-network bytestream functions},
year={2018},
volume={},
number={},
pages={1-9},
month={May},}
