%%%%%%%%%%%%%%%%%%%%%%%%%%%%%%%%%%%%%%%%%%%%%%%%%%%%%%%%%%%%%%%%%%%%%%%%%%%%%%%%%%%%%

@InProceedings{	  shukla1995observations,
  title		= {Observations on self-stabilizing graph algorithms for
		  anonymous networks},
  author	= {Shukla, Sandeep K and Rosenkrantz, Daniel J and Ravi, SS
		  },
  booktitle	= {Proceedings of the second workshop on self-stabilizing
		  systems},
  pages		= {7--1},
  year		= {1995}
}

@Article{	  turau2007linear,
  title		= {Linear self-stabilizing algorithms for the independent and
		  dominating set problems using an unfair distributed
		  scheduler},
  author	= {Turau, Volker},
  journal	= {Information Processing Letters},
  volume	= {103},
  number	= {3},
  pages		= {88--93},
  year		= {2007},
  publisher	= {Elsevier}
}

@Article{	  shi2004anonymous,
  title		= {An anonymous self-stabilizing algorithm for 1-maximal
		  independent set in trees},
  author	= {Shi, Zhengnan and Goddard, Wayne and Hedetniemi, Stephen
		  T},
  journal	= {Information Processing Letters},
  volume	= {91},
  number	= {2},
  pages		= {77--83},
  year		= {2004},
  publisher	= {Elsevier}
}

@InCollection{	  gradinariu2001self,
  title		= {Self-stabilizing neighborhood unique naming under unfair
		  scheduler},
  author	= {Gradinariu, Maria and Johnen, Colette},
  booktitle	= {Euro-Par 2001 Parallel Processing},
  pages		= {458--465},
  year		= {2001},
  publisher	= {Springer}
}

@Article{	  guellati2010406,
  title		= {A survey on self-stabilizing algorithms for independence,
		  domination, coloring, and matching in graphs },
  journal	= {Journal of Parallel and Distributed Computing },
  volume	= {70},
  number	= {4},
  pages		= {406--415},
  year		= {2010},
  author	= {Nabil Guellati and Hamamache Kheddouci}
}

%%%%%%%%%%%%%%%%%%%%%%%%%%%%%%%%%%%%%%%%%%%%%%%%%%%%%%%%%%%%%%%%%%%%%%%%%%%%%%%%%%%%%

@Article{	  6821738,
  author	= {Xu Xiaodong and Zhang Huixin and Dai Xun and Hou Yanzhao
		  and Tao Xiaofeng and Zhang Ping},
  title		= {SDN based next generation Mobile Network with Service
		  Slicing and trials},
  journal	= {Communications, China},
  year		= {2014},
  volume	= {11},
  number	= {2},
  pages		= {65-77}
}


@InProceedings{	  ali2013crowd,
  title		= {CROWD: An SDN Approach for DenseNets},
  author	= {Ali-Ahmad, Hassan and Cicconetti, Claudio and De la Oliva,
		  Antonio and Draxler, Martin and Gupta, Rohit and Mancuso,
		  Vincenzo and Roullet, Laurent and Sciancalepore, Vincenzo},
  booktitle	= {Proceedings of the 2nd EWSDN, 2013},
  pages		= {25--31},
  year		= {2013},
  organization	= {IEEE}
}

@Book{		  alon2004probabilistic,
  title		= {The probabilistic method},
  author	= {Alon, Noga and Spencer, Joel H},
  year		= {2004},
  publisher	= {John Wiley \& Sons}
}

@Book{		  anderson2013nebula,
  title		= {The nebula future internet architecture},
  author	= {Anderson, Tom and Birman, Ken and Broberg, Robert and
		  Caesar, Matthew and Comer, Douglas and Cotton, Chase and
		  Freedman, Michael J and Haeberlen, Andreas and Ives,
		  Zachary G and Krishnamurthy, Arvind and others},
  year		= {2013},
  publisher	= {Springer}
}

@InProceedings{	  ascigil2014scalability,
  title		= {On the scalability of interdomain path computations},
  author	= {Ascigil, Onur and Calvert, Kenneth L and Griffioen, James
		  N},
  booktitle	= {Proceedings of the 13th IFIP Networking, 2014},
  pages		= {1--9},
  year		= {2014},
  organization	= {IEEE}
}

@Misc{		  asdataset,
  title		= {SNAP Autonomous systems {AS}-733 data set},
  howpublished	={\url{http://snap.stanford.edu/data/as.html}}
}

@online{fogcisco,
	year={2018},
	title ={{Fog Computing and the Internet of Things: Extend the Cloud to Where the Things Are}},
	url ={http://www.cisco.com/c/dam/en_us/solutions/trends/iot/docs/computing-overview.pdf},
	lastaccessed = {May 12, 2018}
}

@InProceedings{	  bansal2012openradio,
  title		= {Openradio: a programmable wireless dataplane},
  author	= {Bansal, Manu and Mehlman, Jeffrey and Katti, Sachin and
		  Levis, Philip},
  booktitle	= {Proceedings of the 1st HotSDN, 2012},
  pages		= {109--114},
  year		= {2012},
  organization	= {ACM}
}

@InProceedings{	  berde2014onos,
  title		= {ONOS: towards an open, distributed SDN OS},
  author	= {Berde, Pankaj and Gerola, Matteo and Hart, Jonathan and
		  Higuchi, Yuta and Kobayashi, Masayoshi and Koide, Toshio
		  and Lantz, Bob and O'Connor, Brian and Radoslavov, Pavlin
		  and Snow, William and others},
  booktitle	= {Proceedings of the 3rd HotSDN, 2014},
  pages		= {1--6},
  year		= {2014},
  organization	= {ACM}
}

@InProceedings{	  brito2014openwimesh,
  title		= {OpenWiMesh: A Framework for Software Defined Wireless Mesh
		  Networks},
  author	= {Brito, Italo and Gramacho, Sergio and Ferreira, Ibirisol
		  and Nazare, Marcelo and Sampaio, Leobino and Figueiredo,
		  Gustavo B},
  booktitle	= {Symposium of the SBRC, 2014},
  pages		= {199--206},
  year		= {2014},
  organization	= {IEEE}
}

@InProceedings{	  caesar2005design,
  title		= {Design and implementation of a routing control platform},
  author	= {Caesar, Matthew and Caldwell, Donald and Feamster, Nick
		  and Rexford, Jennifer and Shaikh, Aman and van der Merwe,
		  Jacobus},
  booktitle	= {Proceedings of the 2nd conference on Symposium on
		  Networked Systems Design \& Implementation-Volume 2},
  pages		= {15--28},
  year		= {2005},
  organization	= {USENIX Association}
}

@InProceedings{	  chau2013wireless,
  author	= {Chaudet, C. and Haddad, Y.},
  title		= {Wireless Software Defined Networks:Challenges and
		  opportunities},
  booktitle	= {Proceedings of the COMCAS, 2013},
  year		= {2013},
  pages		= {1-5}
}

@Article{	  chung2013experiences,
  title		= {Experiences and Challenges in Deploying OpenFlow over Real
		  Wireless Mesh Networks},
  author	= {Chung, Joaquin and Gonzalez, Grace and Armuelles, Ivan and
		  Robles, Tomas and Alcarria, Ramon and Morales, Augusto},
  journal	= {Latin America Transactions, IEEE (Revista IEEE America
		  Latina)},
  volume	= {11},
  number	= {3},
  pages		= {955--961},
  year		= {2013},
  publisher	= {IEEE}
}

@TechReport{	  ciscoglobalwhite,
  title		= {{Cisco Visual Networking Index: Forecast and Methodology,
		  2013–2018}},
  institution	= {Cisco},
  year		= {2014},
  opttype	= {Cisco White Paper},
  optmonth	= {Feb}
}

@TechReport{	  ciscomobilewhite,
  title		= {Cisco Visual Networking Index: Global Mobile Data Traffic
		  Forecast Update, 2013–2018},
  institution	= {Cisco},
  year		= {2014},
  opttype	= {Cisco White Paper},
  optmonth	= {Feb}
}

@Article{	  dblp:journals/ijfcs/alzoubiwf03,
  author	= {Khaled M. Alzoubi and Peng-Jun Wan and Ophir Frieder},
  title		= {Maximal Independent Set, Weakly-Connected Dominating Set,
		  and Induced Spanners in Wireless Ad Hoc Networks},
  journal	= {Int. J. Found. Comput. Sci.},
  volume	= {14},
  number	= {2},
  year		= {2003},
  pages		= {287-303}
}

@InProceedings{	  dely2011openflow,
  title		= {Openflow for wireless mesh networks},
  author	= {Dely, Peter and Kassler, Andreas and Bayer, Nico},
  booktitle	= {Proceedings of the 20th ICCCN, 2011},
  pages		= {1--6},
  year		= {2011},
  organization	= {IEEE}
}

@Article{	  dely2013software,
  title		= {A software-defined networking approach for handover
		  management with real-time video in WLANs},
  author	= {Dely, Peter and Kassler, Andreas and Chow, Lawrence and
		  Bambos, Nicholas and Bayer, Nico and Einsiedler, Hans and
		  Peylo, Christoph and Mellado, Daniel and Sanchez, Miguel},
  journal	= {Journal of Modern Transportation},
  volume	= {21},
  number	= {1},
  pages		= {58--65},
  year		= {2013},
  publisher	= {Springer}
}

@InProceedings{	  desai2010clf,
  author	= {Desai, Maulik and Nandagopal, Thyagarajan},
  title		= {Coping with Link Failures in Centralized Control Plane
		  Architectures},
  booktitle	= {Proceedings of the 2nd COMSNET, 2010},
  year		= {2010},
  pages		= {79--88},
  publisher	= {IEEE Press}
}

@InProceedings{	  detti2013wireless,
  title		= {Wireless Mesh Software Defined Networks (wmSDN)},
  author	= {Detti, Andrea and Pisa, Claudio and Salsano, Stefano and
		  Blefari-Melazzi, Nicola},
  booktitle	= {Proceedings of the 9th WiMob, 2013},
  pages		= {89--95},
  year		= {2013},
  organization	= {IEEE}
}

@Article{	  dijkstra1974self,
  title		= {Self-stabilizing systems in spite of distributed control},
  author	= {Dijkstra, Edsger W},
  journal	= {Communications of the ACM},
  volume	= {17},
  number	= {11},
  pages		= {643--644},
  year		= {1974},
  publisher	= {ACM}
}

@InProceedings{	  dixit2014elasticon,
  title		= {ElastiCon: an elastic distributed sdn controller},
  author	= {Dixit, Advait and Hao, Fang and Mukherjee, Sarit and
		  Lakshman, TV and Kompella, Ramana Rao},
  booktitle	= {Proceedings of the 10th ANCS , 2014},
  pages		= {17--28},
  year		= {2014},
  organization	= {ACM}
}

@Article{	  feamster2013sdx,
  title		= {SDX: A software-defined internet exchange},
  author	= {Feamster, Nick and Rexford, Jennifer and Shenker, Scott
		  and Clark, Russ and Hutchins, Ron and Levin, Dave and
		  Bailey, Josh},
  journal	= {Proceedings of the ONS, 2013},
  year		= {2013}
}

@Article{	  feamster2014road,
  title		= {The road to SDN: an intellectual history of programmable
		  networks},
  author	= {Feamster, Nick and Rexford, Jennifer and Zegura, Ellen},
  journal	= {ACM SIGCOMM Computer Communication Review},
  volume	= {44},
  number	= {2},
  pages		= {87--98},
  year		= {2014},
  publisher	= {ACM}
}

@ARTICLE{fei2014,
author={F. Hu and Q. Hao and K. Bao},
journal={IEEE Communications Surveys Tutorials},
title={A Survey on Software-Defined Network and {OpenFlow}: From Concept to Implementation},
year={2014},
volume={16},
number={4},
pages={2181-2206},
}

@Article{	  foster2013languages,
  title		= {Languages for software-defined networks},
  author	= {Foster, Nate and Guha, Arjun and Reitblatt, Mark and
		  Story, Alec and Freedman, Michael J and Katta, Naga Praveen
		  and Monsanto, Christopher and Reich, Joshua and Rexford,
		  Jennifer and Schlesinger, Cole and others},
  journal	= {Communications Magazine, IEEE},
  volume	= {51},
  number	= {2},
  pages		= {128--134},
  year		= {2013},
  publisher	= {IEEE}
}

@InProceedings{	  ghosh95self-stabilizingdynamic,
  author	= {Sukumar Ghosh and Arobinda Gupta and Mehmet Hakan and
		  Karaata Sriram and V. Pemmaraju},
  title		= {Self-Stabilizing Dynamic Programming Algorithms on Trees},
  booktitle	= {in Proceedings of the Second Workshop on Self-Stabilizing
		  Systems},
  year		= {1995},
  pages		= {11--1}
}

@InProceedings{	  goddard2003self,
  title		= {Self-stabilizing protocols for maximal matching and
		  maximal independent sets for ad hoc networks},
  author	= {Goddard, Wayne and Hedetniemi, Stephen T and Jacobs, David
		  P and Srimani, Pradip K},
  booktitle	= {Proceedings of International Parallel and Distributed
		  Processing Symposium 2003},
  pages		= {14},
  year		= {2003},
  organization	= {IEEE}
}

@Article{	  gradinariu2000self,
  title		= {Self-stabilizing vertex coloring of arbitrary graphs},
  author	= {Gradinariu, Maria and Tixeuil, S{\'e}bastien and others},
  journal	= {Proceedings of OPODIS 2000},
  pages		= {55--70},
  year		= {2000}
}

@Article{	  gude2008nox,
  title		= {NOX: towards an operating system for networks},
  author	= {Gude, Natasha and Koponen, Teemu and Pettit, Justin and
		  Pfaff, Ben and Casado, Mart{\'\i}n and McKeown, Nick and
		  Shenker, Scott},
  journal	= {ACM SIGCOMM Computer Communication Review},
  volume	= {38},
  number	= {3},
  pages		= {105--110},
  year		= {2008},
  publisher	= {ACM}
}

@InProceedings{	  gui2014enh,
  author	= {Guimaraes, C. and Corujo, D. and Aguiar, R.L.},
  booktitle	= {Proceedings of the ICC, 2014},
  title		= {Enhancing openflow with Media Independent Management
		  capabilities},
  year		= {2014},
  month		= {June},
  pages		= {2995-3000}
}

@InProceedings{	  guimaraes2013empowering,
  title		= {Empowering software defined wireless networks through
		  media independent handover management},
  author	= {Guimaraes, Carlos and Corujo, Daniel and Aguiar, Rui L and
		  Silva, Flavio and Frosi, Pedro},
  booktitle	= {Proceedings of the GLOBECOM, 2013},
  pages		= {2204--2209},
  year		= {2013},
  organization	= {IEEE}
}

@InProceedings{	  gutierrez2010ieee,
  title		= {An IEEE 802.11 MAC Software Defined Radio implementation
		  for experimental wireless communications and networking
		  research},
  author	= {Gutierrez-Agullo, Juan R and Coll-Perales, Baldomero and
		  Gozalvez, Javier},
  booktitle	= {Proceedings of the IFIP WD, 2010},
  pages		= {1--5},
  year		= {2010},
  organization	= {IEEE}
}

@InProceedings{	  heller2012controller,
  author	= {Heller, Brandon and Sherwood, Rob and McKeown, Nick},
  title		= {The Controller Placement Problem},
  booktitle	= {Proceedings of the 3rd HotSDN,2012},
  year		= {2012},
  pages		= {7--12},
  publisher	= {ACM}
}

@Article{	  hock2014poco,
  title		= {POCO-PLC: Enabling Dynamic Pareto-Optimal Resilient
		  Controller Placement in SDN Networks},
  author	= {Hock, David and Hartmann, Matthias and Gebert, Steffen and
		  Zinner, Thomas and Tran-Gia, Phuoc},
  journal	= {Proceedings of the 33rd INFOCOM, 2014},
  year		= {2014}
}

@InProceedings{	  ikeda2002space,
  title		= {A space-optimal self-stabilizing algorithm for the maximal
		  independent set problem},
  author	= {Ikeda, Michiyo and Kamei, Sayaka and Kakugawa, Hirotsugu},
  booktitle	= {Proc. of PDCAT},
  pages		= {70--74},
  year		= {2002}
}

@Misc{		  ipassonline,
  author	= {Cisco},
  title		= {VNI Forecast Highlights},
  howpublished	= {\url{http://www.cisco.com/web/solutions/sp/vni/vni_forecast_highlights/index.html}}
		  
}

@InProceedings{	  jacobson2009networking,
  title		= {Networking named content},
  author	= {Jacobson, Van and Smetters, Diana K and Thornton, James D
		  and Plass, Michael F and Briggs, Nicholas H and Braynard,
		  Rebecca L},
  booktitle	= {Proceedings of the 5th CoNEXT},
  pages		= {1--12},
  year		= {2009},
  organization	= {ACM}
}

@InProceedings{	  jain2013b4,
  title		= {B4: Experience with a globally-deployed software defined
		  WAN},
  author	= {Jain, Sushant and Kumar, Alok and Mandal, Subhasree and
		  Ong, Joon and Poutievski, Leon and Singh, Arjun and
		  Venkata, Subbaiah and Wanderer, Jim and Zhou, Junlan and
		  Zhu, Min and others},
  booktitle	= {Proceedings of the SIGCOMM, 2013},
  pages		= {3--14},
  year		= {2013},
  organization	= {ACM}
}

@InProceedings{	  kim2012coronet,
  title		= {CORONET: Fault Tolerance for Software Defined Networks},
  author	= {Kim, Hyojoon and Santos, JR and Turner, Y and Schlansker,
		  M and Tourrilhes, J and Feamster, Nick},
  booktitle	= {Proceedings of the 20th ICNP, 2012},
  pages		= {1--2},
  year		= {2012},
  organization	= {IEEE}
}

@InProceedings{	  koponen2010odc,
  author	= {Koponen, Teemu and Casado, Martin and Gude, Natasha and
		  Stribling, Jeremy and Poutievski, Leon and Zhu, Min and
		  Ramanathan, Rajiv and Iwata, Yuichiro and Inoue, Hiroaki
		  and Hama, Takayuki and Shenker, Scott},
  title		= {Onix: A Distributed Control Platform for Large-scale
		  Production Networks},
  booktitle	= {Proceedings of the 9th USENIX Conference on OSDI, 2010},
  year		= {2010},
  pages		= {1--6},
  publisher	= {USENIX Association}
}

@InProceedings{	  ku2014towards,
  title		= {Towards Software-Defined VANET: Architectures and
		  Services},
  author	= {Ku, Ian and Lu, You and Cerqueira, Eduardo and Gomes,
		  Rafael and Gerla, Mario},
  booktitle	= {Proceedings of the Med-Hoc-Net 2014},
  year		= {2014}
}

@inproceedings{erickson2013beacon,
  title={The beacon openflow controller},
  author={Erickson, David},
  booktitle={Proceedings of the 2nd HotSDN,2013},
  pages={13--18},
  year={2013},
  organization={ACM}
}

@article{cai2010maestro,
  title={Maestro: A system for scalable openflow control},
  author={Cai, Zheng and Cox, Alan L and Ng, TS Eugene},
  journal={Structure},
  year={2010}
}

@InProceedings{	  levin2012logically,
  title		= {Logically centralized?: state distribution trade-offs in
		  software defined networks},
  author	= {Levin, Dan and Wundsam, Andreas and Heller, Brandon and
		  Handigol, Nikhil and Feldmann, Anja},
  booktitle	= {Proceedings of the 1st HotSDN,2012},
  pages		= {1--6},
  year		= {2012},
  organization	= {ACM}
}

@Article{	  mckeown2008openflow,
  title		= {OpenFlow: enabling innovation in campus networks},
  author	= {McKeown, Nick and Anderson, Tom and Balakrishnan, Hari and
		  Parulkar, Guru and Peterson, Larry and Rexford, Jennifer
		  and Shenker, Scott and Turner, Jonathan},
  journal	= {ACM SIGCOMM Computer Communication Review},
  volume	= {38},
  number	= {2},
  pages		= {69--74},
  year		= {2008},
  publisher	= {ACM}
}

@InProceedings{	  mendonca2012case,
  title		= {The case for software-defined networking in heterogeneous
		  networked environments},
  author	= {Mendonca, Marc and Obraczka, Katia and Turletti, Thierry},
  booktitle	= {Proceedings of the 2012 ACM conference on CoNEXT},
  pages		= {59--60},
  year		= {2012},
  organization	= {ACM}
}

@InProceedings{	  mininet,
  author	= {Lantz, Bob and Heller, Brandon and McKeown, Nick},
  title		= {A Network in a Laptop: Rapid Prototyping for Software-defined Networks},
  booktitle	= {Proceedings of the 9th ACM SIGCOMM Workshop on Hotnets,2010},
  year		= {2010},
  pages		= {19:1--19:6},
  publisher	= {ACM}
}

@Misc{		  nfvusecase,
  author	= {ETSI},
  title		= {Network Functions Virtualisation (NFV) Use Cases},
  howpublished	= {\url{http://www.etsi.org/deliver/etsi_gs/NFV/001_099/001/01.01.01_60/gs_NFV001v010101p.pdf}}
		  
}

@article{han2015network,
  title={Network function virtualization: Challenges and opportunities for innovations},
  author={Han, Bo and Gopalakrishnan, Vijay and Ji, Lusheng and Lee, Seungjoon},
  journal={IEEE Communications Magazine},
  volume={53},
  number={2},
  pages={90--97},
  year={2015},
  publisher={IEEE}
}

@article{mijumbi2015network,
  title={Network function virtualization: State-of-the-art and research challenges},
  author={Mijumbi, Rashid and Serrat, Joan and Gorricho, Juan-Luis and Bouten, Niels and De Turck, Filip and Boutaba, Raouf},
  journal={IEEE Communications Surveys \& Tutorials},
  volume={18},
  number={1},
  pages={236--262},
  year={2015},
  publisher={IEEE}
}

@article{gember2015opennf,
  title={{OpenNF}: Enabling innovation in network function control},
  author={Gember-Jacobson, Aaron and Viswanathan, Raajay and Prakash, Chaithan and Grandl, Robert and Khalid, Junaid and Das, Sourav and Akella, Aditya},
  journal={ACM SIGCOMM Computer Communication Review},
  volume={44},
  number={4},
  pages={163--174},
  year={2015},
  publisher={ACM}
}




@Article{	  mysore2009psf,
  author	= {Niranjan Mysore, Radhika and Pamboris, Andreas and
		  Farrington, Nathan and Huang, Nelson and Miri, Pardis and
		  Radhakrishnan, Sivasankar and Subramanya, Vikram and
		  Vahdat, Amin},
  title		= {PortLand: A Scalable Fault-tolerant Layer 2 Data Center
		  Network Fabric},
  journal	= {ACM SIGCOMM Computer Communication Review},
  issue_date	= {October 2009},
  volume	= {39},
  number	= {4},
  year		= {2009},
  pages		= {39--50},
  publisher	= {ACM}
}

@Misc{		  ns3,
  title		= {Ns-3.22 - Nsnam},
  howpublished	= {\url{https://www.nsnam.org/wiki/Ns-3.22}}
}

@Misc{		  nsffia,
  author	= {NSF-FIA},
  title		= {{NSF Future Internet Architecture Project}},
  howpublished	= {\url{http://www.nets-fia.net/}}
}

@ARTICLE{nunes2014survey,
author={B. A. A. Nunes and M. Mendonca and X. N. Nguyen and K. Obraczka and T. Turletti},
journal={IEEE Communications Surveys Tutorials},
title={A Survey of Software-Defined Networking: Past, Present, and Future of Programmable Networks},
year={2014},
volume={16},
number={3},
pages={1617-1634},
}

@online{openfog,
	author ={ONF},
	year={2018},
	title ={OpenFog Reference Architecture for Fog Computing},
	url ={https://www.openfogconsortium.org/wp-content/uploads/OpenFog_Reference_Architecture_2_09_17-FINAL.pdf},
	lastaccessed = {May 12, 2018}
}

@online{openflow1.3,
	author ={ONF},
	year={2018},
	title ={{OpenFlow V 1.5.1}},
	url ={https://www.opennetworking.org/wp-content/uploads/2014/10/openflow-switch-v1.5.1.pdf},
	lastaccessed = {May 12, 2018}
}

@online{ovsdb,
	author ={OVSDB},
	year={2018},
	title ={{Open vSwitch database server}},
	url ={http://openvswitch.org/support/dist-docs/ovsdb-server.1.txt},
	lastaccessed = {May 12, 2018}
}

@online{oregondataset,
	author ={SNAP},
	year={2018},
	title ={{SNAP Autonomous systems - Oregon-1 data set}},
	url ={http://snap.stanford.edu/data/oregon1.html},
	lastaccessed = {May 12, 2018}
}

@online{floodlight,
	author ={OpenFloodLight},
	year={2018},
	title ={{Floodlight OpenFlow Controller -Project Floodlight}},
	url ={http://www.projectfloodlight.org/floodlight/},
	lastaccessed = {May 12, 2018}
}

@article{daSilva2015189,
title = {Resilience support in software-defined networking: A survey },
journal = {Computer Networks },
volume = {92, Part 1},
number = {},
pages = {189 - 207},
year = {2015},
author = {Anderson Santos da Silva and Paul Smith and Andreas Mauthe and Alberto Schaeffer-Filho},
}


@INPROCEEDINGS{segment2015,
author={C. Filsfils and N. K. Nainar and C. Pignataro and J. C. Cardona and P. Francois},
booktitle={2015 IEEE Global Communications Conference (GLOBECOM)},
title={The Segment Routing Architecture},
year={2015},
pages={1-6},
month={Dec},}

@InProceedings{	  panda2013cap,
  title		= {CAP for Networks},
  author	= {Panda, Aurojit and Scott, Colin and Ghodsi, Ali and
		  Koponen, Teemu and Shenker, Scott},
  booktitle	= {Proceedings of the 2nd HotSDN, 2013},
  pages		= {91--96},
  year		= {2013},
  organization	= {ACM}
}

@InProceedings{	  phemius2013openflow,
  title		= {Openflow: Why latency does matter},
  author	= {Phemius, Kevin and Thales, Mathieu Bouet},
  booktitle	= {Proceedings of the IFIP IM, 2013},
  pages		= {680--683},
  year		= {2013},
  organization	= {IEEE}
}

@Article{	  qadir2013building,
  title		= {Building Programmable Wireless Networks: An Architectural
		  Survey},
  author	= {Qadir, Junaid and Ahmed, Nadeem and Ahad, Nauman},
  journal	= {arXiv preprint arXiv:1310.0251},
  year		= {2013}
}
@online{openvswitch,
	author ={OVS},
	year={2018},
	title ={{Open vSwitch}},
	url ={http://openvswitch.org/},
	lastaccessed = {May 12, 2018}
}

@Misc{		  qemu,
  title		= {{QuickEmulator}},
  howpublished	= {\url{http://wiki.qemu.org/Main_Page}}
}

@online{opendaylight,
	year={2018},
	title ={{OpenDaylight}},
	url ={http://www.opendaylight.org/},
	lastaccessed = {May 12, 2018}
}

@Misc{		  opencontrail,
  title		= {{Juniper Networks - Opencontrail}},
  howpublished	= {\url{http://www.opencontrail.org/}}
}
@online{hpvansdn,
	author ={OVS},
	year={2018},
	title ={{HP Virtual Application Networks SDN Controller}},
	url ={http://h17007.www1.hp.com/docs/networking/solutions/sdn/4AA4-8807ENW.PDF},
	lastaccessed = {May 12, 2018}
}

@InProceedings{	  rosfive,
  author	= {Ros, Francisco Javier and Ruiz, Pedro Miguel},
  title		= {Five Nines of Southbound Reliability in Software-defined
		  Networks},
  booktitle	= {Proceedings of the 3rd HotSDn, 2014},
  year		= {2014},
  pages		= {31--36},
  organization	= {ACM}
}

@article{Vissicchio:2015:CCO:2829988.2787497,
 author = {Vissicchio, Stefano and Tilmans, Olivier and Vanbever, Laurent and Rexford, Jennifer},
 title = {Central Control Over Distributed Routing},
 journal = {SIGCOMM Comput. Commun. Rev.},
 year = {2015},
 pages = {43--56},
 organization = {ACM}
} 

@inproceedings{Casado:2006:SPA:1267336.1267346,
 author = {Casado, Martin and Garfinkel, Tal and Akella, Aditya and Freedman, Michael J. and Boneh, Dan and McKeown, Nick and Shenker, Scott},
 title = {SANE: A Protection Architecture for Enterprise Networks},
 booktitle = {Proceedings of the 15th Conference on USENIX Security Symposium - Volume 15},
 series = {USENIX-SS'06},
 year = {2006},
 location = {Vancouver, B.C., Canada},
 articleno = {10},
 publisher = {USENIX Association},
} 

@InProceedings{	  roy2014design,
  title		= {Design and Management of DOT: A Distributed OpenFlow
		  Testbed},
  author	= {Roy, Arup Raton and Bari, Md Faizul and Zhani, Mohamed
		  Faten and Ahmed, Reaz and Boutaba, Raouf},
  booktitle	= {Proceedings of the 14th IEEE/IFIP NOMS, 2014},
  year		= {2014}
}


@Misc{		  santos13software-definednetworking,
  title		= {Software-Defined Networking Based Capacity Sharing in
		  Hybrid Networks},
  author	= {Mateus A. S. Santos and Bruno T. De Oliveira and Cintia B.
		  Margi and Bruno A. A. Nunes and Thierry Turletti and Inria
		  Sophia Antipolis and Katia Obraczka},
  year		= {2013}
}

@InProceedings{	  scott2013sdn,
  title		= {Sdn security: A survey},
  author	= {Scott-Hayward, Sandra and O'Callaghan, Gemma and Sezer,
		  Sakir},
  booktitle	= {Proceedings of the SDN4FNS, 2013},
  pages		= {1--7},
  year		= {2013},
  organization	= {IEEE}
}

@article{vissicchio2015central,
  title={Central control over distributed routing},
  author={Vissicchio, Stefano and Tilmans, Olivier and Vanbever, Laurent and Rexford, Jennifer},
  journal={ACM SIGCOMM Computer Communication Review},
  volume={45},
  number={4},
  pages={43--56},
  year={2015},
  publisher={ACM}
}

@article{seddiki2015flowqos,
  title={FlowQoS: Per-Flow Quality of Service for Broadband Access Networks},
  author={Seddiki, M Said and Shahbaz, Muhammad and Donovan, Sean and Grover, Sarthak and Park, Miseon and Feamster, Nick and Song, Ye-Qiong},
  year={2015},
  publisher={Georgia Institute of Technology}
}

@InProceedings{	  seddiki2014flowqos,
  title		= {Flowqos: Qos for the rest of us},
  author	= {Seddiki, M Said and Shahbaz, Muhammad and Donovan, Sean
		  and Grover, Sarthak and Park, Miseon and Feamster, Nick and
		  Song, Ye-Qiong},
  booktitle	= {Proceedings of the 3rd HotSDN, 2014},
  pages		= {207--208},
  year		= {2014},
  organization	= {ACM}
}

@article{kreutz2015software,
  title={Software-defined networking: A comprehensive survey},
  author={Kreutz, Diego and Ramos, Fernando MV and Verissimo, Paulo Esteves and Rothenberg, Christian Esteve and Azodolmolky, Siamak and Uhlig, Steve},
  journal={Proceedings of the IEEE},
  pages={14--76},
  year={2015},
  publisher={IEEE}
}


@Article{	  shi2014fairness,
  title		= {Fairness in Wireless Networks: Issues, Measures and
		  Challenges},
  author	= {Shi, Huaizhou and Prasad, R Venkatesha and Onur, Ertan and
		  Niemegeers, IGMM},
  journal	= {IEEE Communications Surveys \& Tutorials},
  pages		= {5--24},
  year		= {2014},
  publisher	= {IEEE}
}


@Article{	  venkataramani2014mobilityfirst,
  title		= {MobilityFirst: A mobility-centric and trustworthy internet
		  architecture},
  author	= {Venkataramani, Arun and Kurose, James F and Raychaudhuri,
		  Dipankar and Nagaraja, Kiran and Mao, Morley and Banerjee,
		  Suman},
  journal	= {ACM SIGCOMM Computer Communication Review},
  volume	= {44},
  number	= {3},
  pages		= {74--80},
  year		= {2014},
  publisher	= {ACM}
}

@InProceedings{	  wang2014scotch,
  title		= {Scotch: Elastically Scaling up SDN Control-Plane using
		  vSwitch based Overlay},
  author	= {Wang, An and Guo, Yang and Hao, Fang and Lakshman, TV and
		  Chen, Songqing},
  booktitle	= {Proceedings of the 10th ACM CoNEXT, 2014},
  pages		= {403--414},
  year		= {2014},
  organization	= {ACM}
}

@Article{	  wolf2014choicenet,
  title		= {ChoiceNet: toward an economy plane for the Internet},
  author	= {Wolf, Tilman and Griffioen, James and Calvert, Kenneth L
		  and Dutta, Rudra and Rouskas, George N and Baldin, Ilya and
		  Nagurney, Anna},
  journal	= {ACM SIGCOMM Computer Communication Review},
  pages		= {58--65},
  year		= {2014},
  publisher	= {ACM}
}

@InProceedings{	  yap2010blueprint,
  title		= {Blueprint for introducing innovation into wireless mobile
		  networks},
  author	= {Yap, Kok-Kiong and Sherwood, Rob and Kobayashi, Masayoshi
		  and Huang, Te-Yuan and Chan, Michael and Handigol, Nikhil
		  and McKeown, Nick and Parulkar, Guru},
  booktitle	= {Proceedings of the 2nd SIGCOMM VISA, 2010},
  pages		= {25--32},
  year		= {2010},
  organization	= {ACM}
}

@Article{	  yeganeh2013scalability,
  title		= {On scalability of software-defined networking},
  author	= {Yeganeh, Soheil Hassas and Tootoonchian, Amin and Ganjali,
		  Yashar},
  journal	= {IEEE Communications Magazine,},
  pages		= {136--141},
  year		= {2013},
  publisher	= {IEEE}
}

@InProceedings{	  yu2014palantir,
  title		= {Palantir: Reseizing network proximity in large-scale
		  distributed computing frameworks using sdn},
  author	= {Yu, Ze and Li, Min and Yang, Xin and Li, Xiaolin},
  booktitle	= {Proceedings of the 7th CLOUD, 2014},
  pages		= {440--447},
  year		= {2014},
  organization	= {IEEE}
}

@article{huang2014network,
  title={Network Hypervisors: Enhancing SDN Infrastructure},
  author={Huang, Shufeng and Griffioen, James and Calvert, Kenneth L},
  journal={Computer Communications},
  pages={87--96},
  year={2014},
  publisher={Elsevier}
}

@inproceedings{reitblatt2011consistent,
  title={Consistent updates for software-defined networks: Change you can believe in!},
  author={Reitblatt, Mark and Foster, Nate and Rexford, Jennifer and Walker, David},
  booktitle={Proceedings of the 10th ACM Workshop on Hot Topics in Networks},
  pages={7},
  year={2011},
  organization={ACM}
}


@inproceedings{yuan2014generating,
  title={Generating consistent updates for software-defined network configurations},
  author={Yuan, Yifei and Ivan{\v{c}}i{\'c}, Franjo and Lumezanu, Cristian and Zhang, Shuyuan and Gupta, Aarti},
  booktitle={Proceedings of the third workshop on Hot topics in software defined networking},
  pages={221--222},
  year={2014},
  organization={ACM}
}

@inproceedings{panda2017scl,
	title={{SCL}: simplifying distributed {SDN} control planes},
	author={Panda, Aurojit and Zheng, Wenting and Hu, Xiaohe and Krishnamurthy, Arvind and Shenker, Scott},
	booktitle={Proceedings of the 14th USENIX Conference on NSDI},
	pages={329--345},
	year={2017},
	organization={USENIX Association}
}

@inproceedings{curtis2011devoflow,
  title={{DevoFlow: Scaling flow management for high-performance networks}},
  author={Curtis, Andrew R and Mogul, Jeffrey C and Tourrilhes, Jean and Yalagandula, Praveen and Sharma, Puneet and Banerjee, Sujata},
  booktitle={SIGCOMM Comput. Commun. Rev.},
  pages={254--265},
  year={2011},
  organization={ACM}
}

@inproceedings{tootoonchian2012controller,
  title={On controller performance in software-defined networks},
  author={Tootoonchian, Amin and Gorbunov, Sergey and Ganjali, Yashar and Casado, Martin and Sherwood, Rob},
  booktitle={USENIX Workshop on Hot Topics in Management of Internet, Cloud, and Enterprise Networks and Services (Hot-ICE)},
  volume={54},
  year={2012}
}

@inproceedings{benson2009unraveling,
  title={Unraveling the Complexity of Network Management.},
  author={Benson, Theophilus and Akella, Aditya and Maltz, David A},
  booktitle={NSDI},
  pages={335--348},
  year={2009}
}

@article{bierman2014restconf,
  title={RESTCONF protocol},
  author={Bierman, Andy and Bjorklund, Martin and Watsen, Kent and Fernando, Rex},
  journal={IETF draft, work in progress},
  year={2014}
}

@inproceedings{casado2006sane,
  title={SANE: A Protection Architecture for Enterprise Networks.},
  author={Casado, Martin and Garfinkel, Tal and Akella, Aditya and Freedman, Michael J and Boneh, Dan and McKeown, Nick and Shenker, Scott},
  booktitle={Usenix Security},
  year={2006}
}

@article{qazi2013simple,
  title={{SIMPLE}-fying middlebox policy enforcement using {SDN}},
  author={Qazi, Zafar Ayyub and Tu, Cheng-Chun and Chiang, Luis and Miao, Rui and Sekar, Vyas and Yu, Minlan},
  journal={ACM SIGCOMM computer communication review},
  pages={27--38},
  year={2013},
  publisher={ACM}
}

@article{ozdag2012intel,
  title={Intel{\textregistered} Ethernet Switch {FM6000} Series-Software Defined Networking},
  author={Ozdag, Recep},
  journal={See goo.gl/AnvOvX},
  pages={5},
  year={2012}
}


@inproceedings{Chen:2007:TAN:1321753.1321757,
 author = {Chen, Xu and Mao, Z. Morley and van der Merwe, Jacobus},
 title = {Towards Automated Network Management: Network Operations Using Dynamic Views},
 booktitle = {Proceedings of the 2007 SIGCOMM Workshop on Internet Network Management},
 series = {INM '07},
  pages = {242--247},
 year = {2007}
} 

@inproceedings{ballani2007conman,
  title={CONMan: a step towards network manageability},
  author={Ballani, Hitesh and Francis, Paul},
  booktitle={ACM SIGCOMM Computer Communication Review},
  pages={205--216},
  year={2007}
}


@techreport{presuhn2002version,
  title={Version 2 of the protocol operations for the simple network management protocol (SNMP)},
  author={Presuhn, Randy},
  year={2002}
}

@inproceedings{casado2007ethane,
  title={Ethane: Taking control of the enterprise},
  author={Casado, Martin and Freedman, Michael J and Pettit, Justin and Luo, Jianying and McKeown, Nick and Shenker, Scott},
  booktitle={ACM SIGCOMM Computer Communication Review},
  pages={1--12},
  year={2007}
}

@article{yu2011scalable,
 author = {Yu, Minlan and Rexford, Jennifer and Freedman, Michael J. and Wang, Jia},
 title = {Scalable flow-based networking with DIFANE},
 journal = {SIGCOMM Comput. Commun. Rev.},
 year = {2010},
 pages={351--362},
 publisher = {ACM},
} 

@inproceedings{dixit2013towards,
  title={Towards an elastic distributed {SDN} controller},
  author={Dixit, Advait and Hao, Fang and Mukherjee, Sarit and Lakshman, TV and Kompella, Ramana},
  journal={SIGCOMM Comput. Commun. Rev.},
  pages={7--12},
  year={2013},
  organization={ACM}
}

@article{yao2014capacitated,
  title={On the capacitated controller placement problem in software defined networks},
  author={Yao, Guang and Bi, Jun and Li, Yuliang and Guo, Luyi},
  journal={IEEE Communications Letters},
  pages={1339--1342},
  year={2014},
  publisher={IEEE}
}

@article{sezer2013we,
  title={Are we ready for {SDN}? Implementation challenges for software-defined networks},
  author={Sezer, Sakir and Scott-Hayward, Sandra and Chouhan, Pushpinder Kaur and Fraser, Barbara and Lake, David and Finnegan, Jim and Viljoen, Niel and Miller, Marc and Rao, Navneet},
  journal={IEEE Communications Magazine},
  pages={36--43},
  year={2013},
  publisher={IEEE}
}

@inproceedings{levin2013incremental,
  title={Incremental {SDN} deployment in enterprise networks},
  author={Levin, Dan and Canini, Marco and Schmid, Stefan and Feldmann, Anja},
  booktitle={ACM SIGCOMM Computer Communication Review},
  pages={473--474},
  year={2013}
}

@inproceedings{levin2014panopticon,
  title={Panopticon: Reaping the Benefits of Incremental {SDN} Deployment in Enterprise Networks},
  author={Levin, Dan and Canini, Marco and Schmid, Stefan and Schaffert, Fabian and Feldmann, Anja},
  booktitle={Proceedings of 2014 USENIX Annual Technical Conference (USENIX ATC 14)},
  pages={333--345},
  year={2014}
}

@inproceedings{phemius2014disco,
  title={Disco: Distributed multi-domain {SDN} controllers},
  author={Phemius, K{\'e}vin and Bouet, Mathieu and Leguay, J{\'e}r{\'e}mie},
  booktitle={Proceedings of 2014 IEEE Network Operations and Management Symposium (NOMS)},
  pages={1--4},
  year={2014}
}




@inproceedings{foster2011frenetic,
  title={Frenetic: A network programming language},
  author={Foster, Nate and Harrison, Rob and Freedman, Michael J and Monsanto, Christopher and Rexford, Jennifer and Story, Alec and Walker, David},
  booktitle={ACM Sigplan Notices},
  pages={279--291},
  year={2011}
}

@inproceedings{7275403,
author={T. Kim and T. Koo and E. Paik},
booktitle={2015 17th Asia-Pacific Network Operations and Management Symposium (APNOMS)},
title={SDN and NFV benchmarking for performance and reliability},
year={2015}
}

%%%%%%%%%%%%%%%%%%%%%%%%%%%%%%%%%%%%%%%%%%%%%%%%%%%%%%%%%%%%%%%%%%%%%%%%%%%%%%%%%%%%%
@article{7883928,
author={C. Li and Z. Qin and E. Novak and Q. Li},
journal={IEEE Internet of Things Journal},
title={Securing SDN Infrastructure of IoT Fog Networks From MitM Attacks},
pages={1156-1164},
year={2017}
}

@article{DBLP:journals/corr/GuptaNCG16,
  author    = {Harshit Gupta and
               Shubha Brata Nath and
               Sandip Chakraborty and
               Soumya K. Ghosh},
  title     = {SDFog: {A} Software Defined Computing Architecture for QoS Aware Service
               Orchestration over Edge Devices},
  journal   = {CoRR},
  year      = {2016}
}

@inproceedings{7218382,
author={M. Canini and P. Kuznetsov and D. Levin and S. Schmid},
booktitle={2015 IEEE Conference on Computer Communications (INFOCOM)},
title={A distributed and robust SDN control plane for transactional network updates},
pages={190-198},
year={2015}
}

@inproceedings{7966897,
author={T. Kohler and F. Dürr and K. Rothermel},
booktitle={2017 ACM/IEEE Symposium on Architectures for Networking and Communications Systems (ANCS)},
title={ZeroSDN: A Highly Flexible and Modular Architecture for Full-Range Network Control Distribution},
pages={25-37},
year={2017}
}

@inproceedings{8256045,
author={T. Kohler and F. Dürr and C. Bäumlisberger and K. Rothermel},
booktitle={2017 13th International Conference on Network and Service Management (CNSM)},
title={InFEP; Lightweight virtualization of distributed control on white-box networking hardware},
pages={1-6},
year={2017}
}

@inproceedings{7218384,
author={D. Wu and D. I. Arkhipov and E. Asmare and Z. Qin and J. A. McCann},
booktitle={2015 IEEE Conference on Computer Communications (INFOCOM)},
title={UbiFlow: Mobility management in urban-scale software defined IoT},
pages={208-216},
year={2015}
}

@inproceedings{7140467,
author={N. B. Truong and G. M. Lee and Y. Ghamri-Doudane},
booktitle={2015 IFIP/IEEE International Symposium on Integrated Network Management (IM)},
title={Software defined networking-based vehicular Adhoc Network with Fog Computing},
pages={1202-1207},
year={2015}
}

@ARTICLE{7954011,
author={A. C. Baktir and A. Ozgovde and C. Ersoy},
journal={IEEE Communications Surveys Tutorials},
title={How Can Edge Computing Benefit From Software-Defined Networking: A Survey, Use Cases, and Future Directions},
pages={2359-2391},
year={2017}
}

@inproceedings{HassasYeganeh:2012:KFE:2342441.2342446,
 author = {Hassas Yeganeh, Soheil and Ganjali, Yashar},
 title = {Kandoo: A Framework for Efficient and Scalable Offloading of Control Applications},
 booktitle = {Proceedings of the 1st Workshop on HotSDN},
 pages = {19--24},
  year = {2012}
} 

@inproceedings{7057935,
author={M. Kwak and H. Lee and J. Shin and J. Suh and T. Kwon},
booktitle={2015 International Conference on Information Networking (ICOIN)},
title={RAON: A recursive abstraction of SDN control-plane for large-scale production networks},
pages={426-427},
year={2015}
}

@inproceedings{huang2017blac,
  title={{BLAC: A Bindingless Architecture for Distributed SDN Controllers}},
  author={Huang, Victoria and Fu, Qiang and Chen, Gang and Wen, Elliott and Hart, Jonathan},
  booktitle={proceedings of 42nd IEEE LCN},
  pages={146--154},
  year={2017}
}

@MastersThesis{Orrevad:Thesis:2009,
    author     =     {Orrevad, Anders},
    title     =     {{M2M Traffic Characteristics?: When machines participate in communication}},
    school     =     {School of Information and Communication Technology (ICT)},
    address     =     {KTH, Communication Systems},
    year     =     {2009}
}

@inproceedings{7987307,
	author={S. Chattopadhyay and N. Sett and S. Nandi and S. Chakraborty},
	booktitle={2017 IFIP/IEEE Symposium on Integrated Network and Service Management (IM)},
	title={FLIPPER: Fault-tolerant distributed network management and control},
	pages={421-427},
	year={2017}
}

@misc{iotChallenge,
	title = {{Three Major Challenges Facing IoT - IEEE Internet of Things}},
	year = {2018},
	month = {Jun},
	note = {[Online; accessed 18. Jun. 2018]},
	url = {https://iot.ieee.org/newsletter/march-2017/three-major-challenges-facing-iot.html}
}

@misc{rpi,
	title = {{Products Archive - Raspberry Pi}},
	journal = {Raspberry Pi},
	year = {2018},
	month = {Jun},
	note = {[Online; accessed 28. Jun. 2018]},
	url = {https://www.raspberrypi.org/products}
}

@article{Botta2016Mar,
	author = {Botta, Alessio and de Donato, Walter and Persico, Valerio and Pescap{\ifmmode\acute{e}\else\'{e}\fi}, Antonio},
	title = {{Integration of Cloud computing and Internet of Things: A survey}},
	journal = {Future Generation Computer Systems},
	pages = {684--700},
	year = {2016},
	publisher = {North-Holland}
}

@article{Celesti2016May,
	author = {Celesti, Antonio and Mulfari, Davide and Fazio, Maria and Villari, Massimo and Puliafito, Antonio},
	title = {{Exploring Container Virtualization in IoT Clouds}},
	journal = {2016 IEEE International Conference on Smart Computing (SMARTCOMP)},
	pages = {1--6},
	year = {2016},
	publisher = {IEEE}
}

@misc{docker,
	title = {{What is Docker?}},
	journal = {Docker},
	year = {2018},
	month = {Apr},
	note = {[Online; accessed 28. Jun. 2018]},
	url = {https://www.docker.com/what-docker}
}

@misc{iotforecast,
	title = {{Forecast: The Internet of Things, Worldwide, 2013}},
	year = {2018},
	month = {Jul},
	note = {[Online; accessed 4. Jul. 2018]},
	url = {https://www.gartner.com/doc/2625419/forecast-internet-things-worldwide-}
}

@article{Shafiq2013Dec,
	author = {Shafiq, M. Zubair and Ji, Lusheng and Liu, Alex X. and Pang, Jeffrey and Wang, Jia},
	title = {{Large-Scale Measurement and Characterization of Cellular Machine-to-Machine Traffic}},
	journal = {IEEE/ACM Tran. on Networking},
	pages = {1960--1973},
	year = {2013},
	publisher = {IEEE}
}

@misc{glusterWhite,
	title = {{st-delivering-persistent-storage-linux-containers-esg-analyst-paper-201611-en.pdf}},
	year = {2018},
	month = {Jul},
	note = {[Online; accessed 26. Jul. 2018]},
	url = {https://www.redhat.com/cms/managed-files/st-delivering-persistent-storage-linux-containers-esg-analyst-paper-201611-en.pdf}
}

@article{vaquero2014finding,
	title={Finding your way in the fog: Towards a comprehensive definition of fog computing},
	author={Vaquero, Luis M and Rodero-Merino, Luis},
	journal={SIGCOMM Comput. Commun. Rev.},
	pages={27--32},
	year={2014},
	publisher={ACM}
}

@article{chiang2017clarifying,
	title={Clarifying fog computing and networking: 10 questions and answers},
	author={Chiang, Mung and Ha, Sangtae and Chih-Lin, I and Risso, Fulvio and Zhang, Tao},
	journal={IEEE Comm. Magazine},
	pages={18--20},
	year={2017},
	publisher={IEEE}
}

@article{kaiwartya2018virtualization,
	title={Virtualization in wireless sensor networks: fault tolerant embedding for internet of things},
	author={Kaiwartya, Omprakash and Abdullah, Abdul Hanan and Cao, Yue and Lloret, Jaime and Kumar, Sushil and Shah, Rajiv Ratn and Prasad, Mukesh and Prakash, Shiv},
	journal={IEEE Internet of Things Journal},
	pages={571--580},
	year={2018},
	publisher={IEEE}
}

@article{tang2018intelligent,
	title={An Intelligent Traffic Load Prediction Based Adaptive Channel Assignment Algorithm in {SDN-IoT}: A Deep Learning Approach},
	author={Tang, Fengxiao and Fadlullah, Zubair Md and Mao, Bomin and Kato, Nei},
	journal={IEEE Internet of Things Journal},
	year={2018},
	publisher={IEEE}
}

@article{baktir2017can,
	title={How can edge computing benefit from software-defined networking: a survey, use cases, and future directions},
	author={Baktir, Ahmet Cihat and Ozgovde, Atay and Ersoy, Cem},
	journal={IEEE Comm. Surveys \& Tutorials},
	pages={2359--2391},
	year={2017},
	publisher={IEEE}
}

@inproceedings{galluccio2015sdn,
	title={{SDN-WISE}: Design, prototyping and experimentation of a stateful {SDN} solution for WIreless SEnsor networks},
	author={Galluccio, Laura and Milardo, Sebastiano and Morabito, Giacomo and Palazzo, Sergio},
	booktitle={Proceedings of IEEE INFOCOM},
	pages={513--521},
	year={2015}
}

@inproceedings{wu2015ubiflow,
	title={{UbiFlow}: Mobility management in urban-scale software defined {IoT}},
	author={Wu, Di and Arkhipov, Dmitri I and Asmare, Eskindir and Qin, Zhijing and McCann, Julie A},
	booktitle={proceedings of IEEE INFOCOM},
	pages={208--216},
	year={2015}
}

@article{ul2017large,
	title={Large-scale dynamic controller placement},
	author={ul Huque, Md Tanvir Ishtaique and Si, Weisheng and Jourjon, Guillaume and Gramoli, Vincent},
	journal={IEEE Tran. on Network and Service Management},
	pages={63--76},
	year={2017},
	publisher={IEEE}
}


@inproceedings{ma2017efficient,
	title={Efficient service handoff across edge servers via docker container migration},
	author={Ma, Lele and Yi, Shanhe and Li, Qun},
	booktitle={Proceedings of the 2nd ACM/IEEE SEC},
	pages={11},
	year={2017}
}

@inproceedings{cerin2017new,
	title={A New Docker Swarm Scheduling Strategy},
	author={C{\'e}rin, Christophe and Menouer, Tarek and Saad, Walid and Abdallah, Wiem Ben},
	booktitle={proceedings of the 7th IEEE SC2},
	pages={112--117},
	year={2017}
}


@inproceedings{selimi2017practical,
	title={Practical service placement approach for microservices architecture},
	author={Selimi, Mennan and Cerd{\`a}-Alabern, Lloren{\c{c}} and S{\'a}nchez-Artigas, Marc and Freitag, Felix and Veiga, Lu{\'\i}s},
	booktitle={Proceedings of the 17th IEEE/ACM CCGRID},
	pages={401--410},
	year={2017}
}

@article{wilcoxon,
 author = {Frank Wilcoxon},
 journal = {Biometrics Bulletin},
 pages = {80--83},
 publisher = {[International Biometric Society, Wiley]},
 title = {Individual Comparisons by Ranking Methods},
 year = {1945}
}

@misc{rocketfuel,
	title = {{UW CSE {$\vert$} Systems Research {$\vert$} Rocketfuel}},
	year = {2005},
	month = {May},
	note = {[Online; accessed 28. Jul. 2018]},
	url = {https://research.cs.washington.edu/networking/rocketfuel}
}

@inproceedings{1266104,
    author={T. Mori and R. Kawahara and S. Naito and S. Goto},
    booktitle={2004 International Symposium on Applications and the Internet. Proceedings.},
    title={On the characteristics of Internet traffic variability: spikes and elephants},
    pages={99-106},
    year={2004}
}
