@inproceedings{DBLP:conf/globecom/NathCKACG19,
  author    = {Shubha Brata Nath and
               Subhrendu Chattopadhyay and
               Raja Karmakar and
               Sourav Kanti Addya and
               Sandip Chakraborty and
               Soumya K. Ghosh},
  title     = {{PTC:} Pick-Test-Choose to Place Containerized Micro-Services in IoT},
  booktitle = {2019 {IEEE} Global Communications Conference, {GLOBECOM} 2019, Waikoloa,
               HI, USA, December 9-13, 2019},
  pages     = {1--6},
  publisher = {{IEEE}},
  year      = {2019},
  url       = {https://doi.org/10.1109/GLOBECOM38437.2019.9013163},
  doi       = {10.1109/GLOBECOM38437.2019.9013163},
  timestamp = {Wed, 04 Mar 2020 10:00:45 +0100},
  biburl    = {https://dblp.org/rec/conf/globecom/NathCKACG19.bib},
  bibsource = {dblp computer science bibliography, https://dblp.org}
}

@inproceedings{DBLP:conf/infocom/ChattopadhyayCN19,
  author    = {Subhrendu Chattopadhyay and
               Soumyajit Chatterjee and
               Sukumar Nandi and
               Sandip Chakraborty},
  title     = {Aloe: An Elastic Auto-Scaled and Self-stabilized Orchestration Framework
               for IoT Applications},
  booktitle = {2019 {IEEE} Conference on Computer Communications, {INFOCOM} 2019,
               Paris, France, April 29 - May 2, 2019},
  pages     = {802--810},
  publisher = {{IEEE}},
  year      = {2019},
  url       = {https://doi.org/10.1109/INFOCOM.2019.8737656},
  doi       = {10.1109/INFOCOM.2019.8737656},
  timestamp = {Wed, 16 Oct 2019 14:14:51 +0200},
  biburl    = {https://dblp.org/rec/conf/infocom/ChattopadhyayCN19.bib},
  bibsource = {dblp computer science bibliography, https://dblp.org}
}

@inproceedings{DBLP:conf/icdcit/SinghCBN18,
  author    = {Pranav Kumar Singh and
               Subhrendu Chattopadhyay and
               Pradeepkumar Bhale and
               Sukumar Nandi},
  editor    = {Atul Negi and
               Raj Bhatnagar and
               Laxmi Parida},
  title     = {Fast and Secure Handoffs for {V2I} Communication in Smart City Wi-Fi
               Deployment},
  booktitle = {Distributed Computing and Internet Technology - 14th International
               Conference, {ICDCIT} 2018, Bhubaneswar, India, January 11-13, 2018,
               Proceedings},
  series    = {Lecture Notes in Computer Science},
  volume    = {10722},
  pages     = {189--204},
  publisher = {Springer},
  year      = {2018},
  url       = {https://doi.org/10.1007/978-3-319-72344-0\_15},
  doi       = {10.1007/978-3-319-72344-0\_15},
  timestamp = {Wed, 25 Sep 2019 01:00:00 +0200},
  biburl    = {https://dblp.org/rec/conf/icdcit/SinghCBN18.bib},
  bibsource = {dblp computer science bibliography, https://dblp.org}
}

@inproceedings{DBLP:conf/wimob/ChattopadhyaySN18,
  author    = {Subhrendu Chattopadhyay and
               Samar Shailendra and
               Sukumar Nandi and
               Sandip Chakraborty},
  title     = {Improving {MPTCP} Performance by Enabling Sub-Flow Selection over
               a {SDN} Supported Network},
  booktitle = {14th International Conference on Wireless and Mobile Computing, Networking
               and Communications, WiMob 2018, Limassol, Cyprus, October 15-17, 2018},
  pages     = {1--8},
  publisher = {{IEEE}},
  year      = {2018},
  url       = {https://doi.org/10.1109/WiMOB.2018.8589143},
  doi       = {10.1109/WiMOB.2018.8589143},
  timestamp = {Wed, 16 Oct 2019 14:14:50 +0200},
  biburl    = {https://dblp.org/rec/conf/wimob/ChattopadhyaySN18.bib},
  bibsource = {dblp computer science bibliography, https://dblp.org}
}

@inproceedings{DBLP:conf/im/ChattopadhyaySN17,
  author    = {Subhrendu Chattopadhyay and
               Niladri Sett and
               Sukumar Nandi and
               Sandip Chakraborty},
  title     = {{FLIPPER:} Fault-tolerant distributed network management and control},
  booktitle = {2017 {IFIP/IEEE} Symposium on Integrated Network and Service Management
               (IM), Lisbon, Portugal, May 8-12, 2017},
  pages     = {421--427},
  publisher = {{IEEE}},
  year      = {2017},
  url       = {https://doi.org/10.23919/INM.2017.7987307},
  doi       = {10.23919/INM.2017.7987307},
  timestamp = {Wed, 16 Oct 2019 14:14:51 +0200},
  biburl    = {https://dblp.org/rec/conf/im/ChattopadhyaySN17.bib},
  bibsource = {dblp computer science bibliography, https://dblp.org}
}

@inproceedings{DBLP:conf/mobihoc/ChattopadhyayNS17,
  author    = {Subhrendu Chattopadhyay and
               Sukumar Nandi and
               Samar Shailendra and
               Sandip Chakraborty},
  editor    = {Sharayu Moharir and
               Aditya Gopalan},
  title     = {Primary Path Effect in Multi-Path {TCP:} How Serious Is It for Deployment
               Consideration?},
  booktitle = {Proceedings of the 18th {ACM} International Symposium on Mobile Ad
               Hoc Networking and Computing, Chennai, India, July 10-14, 2017},
  pages     = {36:1--36:2},
  publisher = {{ACM}},
  year      = {2017},
  url       = {https://doi.org/10.1145/3084041.3084076},
  doi       = {10.1145/3084041.3084076},
  timestamp = {Tue, 06 Nov 2018 00:00:00 +0100},
  biburl    = {https://dblp.org/rec/conf/mobihoc/ChattopadhyayNS17.bib},
  bibsource = {dblp computer science bibliography, https://dblp.org}
}

@article{DBLP:journals/twc/ChakrabortyNC16,
  author    = {Sandip Chakraborty and
               Sukumar Nandi and
               Subhrendu Chattopadhyay},
  title     = {Alleviating Hidden and Exposed Nodes in High-Throughput Wireless Mesh
               Networks},
  journal   = {{IEEE} Trans. Wireless Communications},
  volume    = {15},
  number    = {2},
  pages     = {928--937},
  year      = {2016},
  url       = {https://doi.org/10.1109/TWC.2015.2480398},
  doi       = {10.1109/TWC.2015.2480398},
  timestamp = {Sun, 02 Jun 2019 01:00:00 +0200},
  biburl    = {https://dblp.org/rec/journals/twc/ChakrabortyNC16.bib},
  bibsource = {dblp computer science bibliography, https://dblp.org}
}

@inproceedings{DBLP:conf/comsnets/ChakrabortyC16,
  author    = {Sandip Chakraborty and
               Subhrendu Chattopadhyay},
  title     = {{ES2:} Managing link level parameters for elevating data rate and
               stability in High Throughput {WLAN}},
  booktitle = {8th International Conference on Communication Systems and Networks,
               {COMSNETS} 2016, Bangalore, India, January 5-10, 2016},
  pages     = {1--8},
  publisher = {{IEEE}},
  year      = {2016},
  url       = {https://doi.org/10.1109/COMSNETS.2016.7439977},
  doi       = {10.1109/COMSNETS.2016.7439977},
  timestamp = {Wed, 16 Oct 2019 14:14:51 +0200},
  biburl    = {https://dblp.org/rec/conf/comsnets/ChakrabortyC16.bib},
  bibsource = {dblp computer science bibliography, https://dblp.org}
}

@inproceedings{DBLP:conf/comsnets/ChattopadhyayCN16,
  author    = {Subhrendu Chattopadhyay and
               Sandip Chakraborty and
               Sukumar Nandi},
  title     = {Leveraging the trade-off between spatial reuse and channel contention
               in wireless mesh networks},
  booktitle = {8th International Conference on Communication Systems and Networks,
               {COMSNETS} 2016, Bangalore, India, January 5-10, 2016},
  pages     = {1--8},
  publisher = {{IEEE}},
  year      = {2016},
  url       = {https://doi.org/10.1109/COMSNETS.2016.7439963},
  doi       = {10.1109/COMSNETS.2016.7439963},
  timestamp = {Wed, 16 Oct 2019 14:14:51 +0200},
  biburl    = {https://dblp.org/rec/conf/comsnets/ChattopadhyayCN16.bib},
  bibsource = {dblp computer science bibliography, https://dblp.org}
}

@inproceedings{DBLP:conf/webi/SettCSN16,
  author    = {Niladri Sett and
               Subhrendu Chattopadhyay and
               Sanasam Ranbir Singh and
               Sukumar Nandi},
  title     = {A Time Aware Method for Predicting Dull Nodes and Links in Evolving
               Networks for Data Cleaning},
  booktitle = {2016 {IEEE/WIC/ACM} International Conference on Web Intelligence,
               {WI} 2016, Omaha, NE, USA, October 13-16, 2016},
  pages     = {304--310},
  publisher = {{IEEE} Computer Society},
  year      = {2016},
  url       = {https://doi.org/10.1109/WI.2016.0050},
  doi       = {10.1109/WI.2016.0050},
  timestamp = {Wed, 16 Oct 2019 14:14:56 +0200},
  biburl    = {https://dblp.org/rec/conf/webi/SettCSN16.bib},
  bibsource = {dblp computer science bibliography, https://dblp.org}
}

@inproceedings{DBLP:conf/acsc/KarmakarC14,
  author    = {Sushanta Karmakar and
               Subhrendu Chattopadhyay},
  editor    = {Bruce Thomas and
               Dave Parry},
  title     = {A Trigger Counting Mechanism for Ring Topology},
  booktitle = {Thirty-Seventh Australasian Computer Science Conference, {ACSC} 2014,
               Auckland, New Zealand, January 2014},
  series    = {{CRPIT}},
  volume    = {147},
  pages     = {81--87},
  publisher = {Australian Computer Society},
  year      = {2014},
  url       = {http://crpit.scem.westernsydney.edu.au/abstracts/CRPITV147Karmakar.html},
  timestamp = {Wed, 04 Mar 2020 00:00:00 +0100},
  biburl    = {https://dblp.org/rec/conf/acsc/KarmakarC14.bib},
  bibsource = {dblp computer science bibliography, https://dblp.org}
}

@inproceedings{DBLP:conf/comsnets/ChakrabortyCCN14,
  author    = {Sandip Chakraborty and
               Subhrendu Chattopadhyay and
               Suchetana Chakraborty and
               Sukumar Nandi},
  title     = {Defending concealedness in {IEEE} 802.11n},
  booktitle = {Sixth International Conference on Communication Systems and Networks,
               {COMSNETS} 2014, Bangalore, India, January 6-10, 2014},
  pages     = {1--8},
  publisher = {{IEEE}},
  year      = {2014},
  url       = {https://doi.org/10.1109/COMSNETS.2014.6734873},
  doi       = {10.1109/COMSNETS.2014.6734873},
  timestamp = {Wed, 16 Oct 2019 14:14:51 +0200},
  biburl    = {https://dblp.org/rec/conf/comsnets/ChakrabortyCCN14.bib},
  bibsource = {dblp computer science bibliography, https://dblp.org}
}

@inproceedings{DBLP:conf/IEEEants/ChakrabortyNC13,
  author    = {Sandip Chakraborty and
               Sukumar Nandi and
               Subhrendu Chattopadhyay},
  title     = {Surpassing flow fairness in a mesh network: How to ensure equity among
               end users?},
  booktitle = {{IEEE} International Conference on Advanced Networks and Telecommunications
               Systems, {ANTS} 2013, Kattankulathur, India, December 15-18, 2013},
  pages     = {1--6},
  publisher = {{IEEE}},
  year      = {2013},
  url       = {https://doi.org/10.1109/ANTS.2013.6802836},
  doi       = {10.1109/ANTS.2013.6802836},
  timestamp = {Wed, 16 Oct 2019 14:14:57 +0200},
  biburl    = {https://dblp.org/rec/conf/IEEEants/ChakrabortyNC13.bib},
  bibsource = {dblp computer science bibliography, https://dblp.org}
}

