@inproceedings{10.1145/3341302.3342075,
author = {McCauley, James and Harchol, Yotam and Panda, Aurojit and Raghavan, Barath and Shenker, Scott},
title = {Enabling a Permanent Revolution in Internet Architecture},
year = {2019},
isbn = {9781450359566},
publisher = {Association for Computing Machinery},
address = {New York, NY, USA},
url = {https://doi.org/10.1145/3341302.3342075},
doi = {10.1145/3341302.3342075},
booktitle = {Proceedings of the ACM Special Interest Group on Data Communication},
pages = {1–14},
numpages = {14},
keywords = {internet evolution, internet architecture},
location = {Beijing, China},
series = {SIGCOMM ’19}
}

  

