@article{NOUR201995,
	title = {A survey of Internet of Things communication using ICN: A use case perspective},
	journal = {Computer Communications},
	volume = {142-143},
	pages = {95 - 123},
	year = {2019},
	author = {Nour, Boubakr and Sharif, Kashif and Li, Fan  and Biswas, Sujit  and Moungla, Hassine  and Guizani, Mohsen  and Wang, Yu },
  publisher = {Elsevier}
	}
@Misc{      iotdeployment,
  title   = {{Sigfox Canada launches world's largest {IoT} network with coast-to-coast availability}},
  author  = {IoT News},
  year    = {2019},
  month   = {May},
  note    = {[accessed 10 Dec, 2019]},
  url   = {https://www.iottechnews.com/news/2019/apr/09/sigfox-canada-launches-worlds-largest-iot-network-availability/}
  }
@Misc{      ipassonline,
  author  = {Cisco},
  title   = {VNI Forecast Highlights},
  howpublished  = {\url{http://www.cisco.com/web/solutions/sp/vni/vni_forecast_highlights/index.html}}}
@Article{   mckeown2008openflow,
  title   = {OpenFlow: enabling innovation in campus networks},
  author  = {McKeown, Nick and Anderson, Tom and Balakrishnan, Hari and Parulkar, Guru and Peterson, Larry and Rexford, Jennifer and Shenker, Scott and Turner, Jonathan},
  journal = {ACM SIGCOMM Computer Communication Review},
  volume  = {38},
  number  = {2},
  pages   = {69--74},
  year    = {2008},
  publisher = {ACM}
 }
@Article{   feamster2014road,
  title   = {The road to {SDN}: an intellectual history of programmable  networks},
  author  = {Feamster, Nick and Rexford, Jennifer and Zegura, Ellen},
  journal = {ACM SIGCOMM Computer Communication Review},
  volume  = {44},
  number  = {2},
  pages   = {87--98},
  year    = {2014},
  publisher = {ACM}}
@Article{   nunes2014survey,
  author  = { Nunes, Bruno Astuto A.  and Mendonca, Marc and Nguyen, Xuan-Nam  and Obraczka, Katia and Turletti, Thierry},
  journal = {IEEE Communications Surveys Tutorials},
  title   = {A Survey of Software-Defined Networking: Past, Present, and Future of Programmable Networks},
  year    = {2014},
  volume  = {16},
  number  = {3},
  pages   = {1617-1634}}
@InProceedings{   caesar2005design,
  title   = {Design and implementation of a routing control platform},
  author  = {Caesar, Matthew and Caldwell, Donald and Feamster, Nick and Rexford, Jennifer and Shaikh, Aman and van der Merwe, Jacobus},
  booktitle = {Proc. of the 2nd conference on Symposium on Networked Systems Design \& Implementation-Volume 2},
  pages   = {15--28},
  year    = {2005},
  organization  = {USENIX Association}
 }


@Article{   clark:1988:dpd:52325.52336,
  author  = {Clark, David},
  title   = {The Design Philosophy of the {DARPA} Internet Protocols},
  journal = {SIGCOMM Computer Communication Review},
  month  = {August},
  year= {1988},
  volume  = {18},
  number  = {4},
  pages   = {106--114},
  publisher = {ACM},
  address = {New York, NY, USA},}
@inproceedings{casado2012fabric,
  title={Fabric: a retrospective on evolving {SDN}},
  author={Casado, Martin and Koponen, Teemu and Shenker, Scott and Tootoonchian, Amin},
  booktitle={Proceedings of the first workshop on Hot topics in software defined networks},
  pages={85--90},
  year={2012},}
@inproceedings{nayak2009resonance,
  title={Resonance: Dynamic access control for enterprise networks},
  author={Nayak, Ankur Kumar and Reimers, Alex and Feamster, Nick and Clark, Russ},
  booktitle={Proceedings of the 1st ACM workshop on Research on enterprise networking},
  pages={11--18},
  year={2009},
  }
@Article{   kreutz2015software,
	title   = {Software-defined networking: A comprehensive survey},
	author  = {Kreutz, Diego and Ramos, Fernando MV and Verissimo, Paulo Esteves and Rothenberg, Christian Esteve and Azodolmolky, Siamak and Uhlig, Steve},
	journal = {Proceedings of the IEEE},
	volume  = {103},
	number  = {1},
	pages   = {14--76},
	year    = {2015},
	publisher = {IEEE},
	}
@InProceedings{   levin2013incremental,
  title   = {Incremental {SDN} deployment in enterprise networks},
  author  = {Levin, Dan and Canini, Marco and Schmid, Stefan and Feldmann, Anja},
  booktitle = {ACM SIGCOMM Computer Communication Review},
  volume  = {43},
  pages   = {473--474},
  year    = {2013},
  organization  = {ACM},}
@InProceedings{   yu2014palantir,
  title   = {Palantir: Reseizing network proximity in large-scale distributed computing frameworks using sdn},
  author  = {Yu, Ze and Li, Min and Yang, Xin and Li, Xiaolin},
  booktitle = {Proceedings of the 7th CLOUD, 2014},
  pages   = {440--447},
  year    = {2014},
  organization  = {IEEE},}
@InProceedings{   seddiki2014flowqos,
	title   = {Flowqos: Qos for the rest of us},
	author  = {Seddiki, M Said and Shahbaz, Muhammad and Donovan, Sean and Grover, Sarthak and Park, Miseon and Feamster, Nick and Song, Ye-Qiong},
	booktitle = {Proceedings of the 3rd HotSDN, 2014},
	pages   = {207--208},
	year    = {2014},
	organization  = {ACM},}
@article{el2017smartphone,
  title={Smartphone: the ultimate IoT and IoE device},
  author={El Khaddar, Mehdia Ajana and Boulmalf, Mohammed},
  journal={Smartphones from an applied research perspective},
  pages={137},
  year={2017},
  publisher={BoD--Books on Demand}}
@InProceedings{   Nikravesh:2016:IUM:2973750.2973769,
  author  = {Nikravesh, Ashkan and Guo, Yihua and Qian, Feng and Mao, Z. Morley and Sen, Subhabrata},
  title   = {An In-depth Understanding of Multipath TCP on Mobile Devices: Measurement and System Design},
  booktitle = {Proceedings of the 22Nd Annual International Conference on Mobile Computing and Networking},
  year    = {2016},
  location  = {New York City, New York},
  pages   = {189--201},
  numpages  = {13},
  publisher = {ACM},
  address = {New York, NY, USA}}


@Article{   doi:10.1080/1206212X.2018.1455020,
  author  = {Tongguang Zhang and Shuai Zhao and Bo Cheng and Bingfei Ren and Junliang Chen},
  title   = {Research, implementation, and improvement of {MPTCP} on mobile smart devices},
  journal = {International Journal of Computers and Applications},
  volume  = {41},
  number  = {6},
  pages   = {407-417},
  year    = {2019},
  publisher = {Taylor \& Francis},
  }
@InProceedings{   Han:2015:AMW:2716281.2836090,
  author  = {Han, Bo and Qian, Feng and Hao, Shuai and Ji, Lusheng},
  title   = {An Anatomy of Mobile Web Performance over Multipath {TCP}},
  booktitle = {Proceedings of the 11th ACM Conference on Emerging
      Networking Experiments and Technologies},
  year    = {2015},
  location  = {Heidelberg, Germany},
  pages   = {5:1--5:7},
  articleno = {5},
  numpages  = {7},
  publisher = {ACM},
  address = {New York, NY, USA},}
@InProceedings{   Deng:2014:WLB:2663716.2663727,
  author  = {Deng, Shuo and Netravali, Ravi and Sivaraman, Anirudh and Balakrishnan, Hari},
  title   = {WiFi, LTE, or Both?: Measuring Multi-Homed Wireless Internet Performance},
  booktitle = {Proceedings of the 2014 Conference on Internet Measurement Conference},
  series  = {IMC '14},
  year    = {2014},
  location  = {Vancouver, BC, Canada},
  pages   = {181--194},
  numpages  = {14},
  publisher = {ACM},
  address = {New York, NY, USA},
  }
@article{Mohan2019IsTG,
  title={Is two greater than one?: Analyzing Multipath {TCP} over Dual-{LTE} in the Wild},
  author={Mohan, Nitinder and Shreedhar, Tanya and Zavodovski, Aleksandr and Kangasharju, Jussi and Kaul, Sanjit K. },
  journal={ArXiv},
  year={2019},
  volume={abs/1909.02601}}
@Article{   cao2016receiver,
  title   = {Receiver-centric Buffer Blocking-aware Multipath Data Distribution in {MPTCP}-based Heterogeneous Wireless Networks},
  author  = {Cao, Yuanlong and Liu, Qinghua and Zuo, Yi and Ke, Fenfen and Wang, Hao and Huang, Minghe},
  journal = {KSII Transaction on Internet \& Information Systems},
  volume  = {10},
  number  = {10},
  year    = {2016}}
@Article{   peng2016multipath,
  title   = {Multipath {TCP}: Analysis, design, and implementation},
  author  = {Peng, Qiuyu and Walid, Anwar and Hwang, Jaehyun and Low, Steven H},
  journal = {IEEE/ACM Transaction on Networking (ToN)},
  volume  = {24},
  number  = {1},
  pages   = {596--609},
  year    = {2016},
  publisher = {IEEE Press}}
@Article{   khalili2013mptcp,
  title   = {{{MPTCP} is not pareto-optimal: performance issues and a possible solution}},
  author  = {Khalili, Ramin and Gast, Nicolas and Popovic, Miroslav and Le Boudec, Jean-Yves},
  journal = {IEEE/ACM Transaction on Networking},
  volume  = {21},
  number  = {5},
  pages   = {1651--1665},
  year    = {2013},
  publisher = {IEEE}}
@Article{   oh2015constraint,
  title   = {Constraint-based proactive scheduling for {MPTCP} in wireless networks},
  author  = {Oh, Bong-Hwan and Lee, Jaiyong},
  journal = {Computer Networks},
  volume  = {91},
  pages   = {548--563},
  year    = {2015},
  publisher = {Elsevier}}
@InProceedings{   kheirkhah2016mmptcp,
  title   = {{MMPTCP}: A Multipath Transport Protocol for Data Centers},
  author  = {Kheirkhah, Morteza and Wakeman, Ian and Parisis, George},
  booktitle = {Proceedings of the IEEE INFOCOM},
  year    = {2016},}


@Article{   diego2014sdn,
  author  = {Kreutz, Diego  and Ramos, Fernando M. V.  and Ver{\'{\i}}ssimo, Paulo and Rothenberg, Christian Esteve and Azodolmolky, Siamak and Uhlig, Steve },
  title   = {{Software-Defined Networking:} {A} Comprehensive Survey},
  journal = {CoRR},
  volume  = {abs/1406.0440},
  year    = {2014}}
27
@Article{   ozdag2012intel,
  title   = {Intel{\textregistered} Ethernet Switch {FM6000}
      Series-Software Defined Networking},
  author  = {Ozdag, Recep},
  journal = {See goo.gl/AnvOvX},
  pages   = {5},
  year    = {2012}

  }
@Article{   sezer2013we,
  title   = {Are we ready for {SDN}? Implementation challenges for software-defined networks},
  author  = {Sezer, Sakir and Scott-Hayward, Sandra and Chouhan,
  Pushpinder Kaur and Fraser, Barbara and Lake, David and
  Finnegan, Jim and Viljoen, Niel and Miller, Marc and Rao,
  Navneet},
  journal = {IEEE Communications Magazine},
  volume  = {51},
  number  = {7},
  pages   = {36--43},
  year    = {2013},
  publisher = {IEEE}
  }
30
@InProceedings{   levin2014panopticon,
  title   = {Panopticon: Reaping the Benefits of Incremental {SDN} Deployment in Enterprise Networks},
  author  = {Levin, Dan and Canini, Marco and Schmid, Stefan and Schaffert, Fabian and Feldmann, Anja},
  booktitle = {Proceedings of 2014 USENIX Annual Technical Conference (USENIX ATC 14)},
  pages   = {333--345},
  year    = {2014}}  
@InProceedings{   panda2013cap,
  title   = {{CAP} for Networks},
  author  = {Panda, Aurojit and Scott, Colin and Ghodsi, Ali and Koponen, Teemu and Shenker, Scott},
  booktitle = {Proceedings of the 2nd HotSDN, 2013},
  pages   = {91--96},
  year    = {2013},
  organization  = {ACM}}
@Article{   baktir2017can,
  title   = {How can edge computing benefit from software-defined networking: a survey, use cases, and future directions},
  author  = {Baktir, Ahmet Cihat and Ozgovde, Atay and Ersoy, Cem},
  journal = {IEEE Communication Surveys \& Tutorials},
  pages   = {2359--2391},
  year    = {2017},
  publisher = {IEEE}}
@Article{   vaquero2014finding,
  title   = {Finding your way in the fog: Towards a comprehensive definition of fog computing},
  author  = {Vaquero, Luis M and Rodero-Merino, Luis},
  journal = {SIGCOMM Computer Communication Review},
  pages   = {27--32},
  year    = {2014},
  publisher = {ACM}}


@Article{   chiang2017clarifying,
  title   = {Clarifying fog computing and networking: 10 questions and answers},
  author  = {Chiang, Mung and Ha, Sangtae and Chih-Lin, I and Risso, Fulvio and Zhang, Tao},
  journal = {IEEE Communication Magazine},
  pages   = {18--20},
  year    = {2017},
  publisher = {IEEE}}
@InProceedings{   selimi2017practical,
  title   = {Practical service placement approach for microservices architecture},
  author  = {Selimi, Mennan and Cerd{\`a}-Alabern, Lloren{\c{c}} and
  S{\'a}nchez-Artigas, Marc and Freitag, Felix and Veiga,
  Lu{\'\i}s},
  booktitle = {Proceedings of the 17th IEEE/ACM CCGRID},
  pages   = {401--410},
  year    = {2017}}
@Article{   Shafiq2013Dec,
  author  = {Shafiq, M. Zubair and Ji, Lusheng and Liu, Alex X. and
  Pang, Jeffrey and Wang, Jia},
  title   = {{Large-Scale Measurement and Characterization of Cellular
  Machine-to-Machine Traffic}},
  journal = {IEEE/ACM Transaction on Networking},
  publisher = {IEEE},
  year    = {2013},
  pages   = {1960--1973},
	}
@Article{   kaiwartya2018virtualization,
  title   = {Virtualization in wireless sensor networks: fault tolerant embedding for internet of things},
  author  = {Kaiwartya, Omprakash and Abdullah, Abdul Hanan and Cao,
  Yue and Lloret, Jaime and Kumar, Sushil and Shah, Rajiv
  Ratn and Prasad, Mukesh and Prakash, Shiv},
  journal = {IEEE Internet of Things Journal},
  pages   = {571--580},
  year    = {2018},
  publisher = {IEEE}}
@InProceedings{   galluccio2015sdn,
  title   = {{SDN-WISE}: Design, prototyping and experimentation of a stateful {SDN} solution for WIreless SEnsor networks},
  author  = {Galluccio, Laura and Milardo, Sebastiano and Morabito, Giacomo and Palazzo, Sergio},
  booktitle = {Proceedings of IEEE INFOCOM},
  pages   = {513--521},
  year    = {2015}}
@Article{   tang2018intelligent,
  title   = {An Intelligent Traffic Load Prediction Based Adaptive Channel Assignment Algorithm in {SDN-IoT}: A Deep Learning Approach},
  author  = {Tang, Fengxiao and Fadlullah, Zubair Md and Mao, Bomin and Kato, Nei},
  journal = {IEEE Internet of Things Journal},
  year    = {2018},
  publisher = {IEEE}}
@Article{   haeffner2015service,
  title   = {Service function chaining use cases in mobile networks},
  author  = {Haeffner, W and Napper, J and Stiemerling, M and Lopez, D nd Uttaro, J},
  journal = {{IETF}},
  year    = {2015}}
@PhDThesis{   panda:eecs-2017-141,
  author  = {Panda, Aurojit},
  title   = {A New Approach to Network Function Virtualization},
  school  = {EECS Department, University of California, Berkeley},
  year    = {2017},
  month   = {Aug},
  }
@InProceedings{   8696424,
  author  = { Duchene, Fabien and Lebrun, David and Bonaventure, Olivier},
  booktitle = {17th IFIP Networking Conference and Workshops},
  title   = {{SRv6Pipes:} enabling in-network bytestream functions},
  year    = {2018},
  pages   = {1-9},
  month   = {May}}
@InProceedings{   koponen2010odc,
	author  = {Koponen, Teemu and Casado, Martin and Gude, Natasha and
	Stribling, Jeremy and Poutievski, Leon and Zhu, Min and
	Ramanathan, Rajiv and Iwata, Yuichiro and Inoue, Hiroaki
	and Hama, Takayuki and Shenker, Scott},
	title   = {Onix: A Distributed Control Platform for Large-scale Production Networks},
	booktitle = {Proceedings of the 9th USENIX Conference on OSDI, 2010},
	year    = {2010},
	pages   = {1--6},
	publisher = {USENIX Association},}


@Misc{      define:servicification,
  key   = {define:servicification},
  title   = {Servicification Definition},
  howpublished  = {\url{https://en.wiktionary.org/wiki/servicification}}}
@InProceedings{   10.1007/978-3-030-19759-9_6,
  author  = {Charikar, Moses and Naamad, Yonatan  and Rexford, Jennifer and Zou, X. Kelvin },
  title   = {Multi-commodity Flow with In-Network Processing},
  booktitle = {Algorithmic Aspects of Cloud Computing},
  publisher = {Springer International Publishing}, 
  year    = {2019},
  pages   = {73--101},
	}
@InProceedings{   225992,
  author  = {Yu, Da and Zhu, Yibo and Arzani, Behnaz and Fonseca, Rodrigo  and Zhang, Tianrong and Deng, Karl and Yuan, Lihua },
  title   = {dShark: A General, Easy to Program and Scalable Framework for Analyzing In-network Packet Traces},
  booktitle = {16th {USENIX} Symposium on Networked Systems Design and Implementation ({NSDI} 19)},
  publisher = {{USENIX} Association},
  year    = {2019},
  pages   = {207--220},
  address={Boston, MA},
  month={Feb},}
@Misc{      docker,
  title   = {{What is Docker?}},
  journal = {Docker},
  year    = {2018},
  month   = {Apr},
  author  = {Docker Inc.},
  }
@InProceedings{   Lantz:2010:NLR:1868447.1868466,
  author  = {Lantz, Bob and Heller, Brandon and McKeown, Nick},
  title   = {A Network in a Laptop: Rapid Prototyping for Software-defined Networks},
  booktitle = {9th {ACM} Proceedings of {SIGCOMM} Workshop on {Hotnets}},
  year    = {2010},
  pages   = {19:1--19:6},
  articleno = {19},
  numpages  = {6},
  publisher = {ACM},
  address = {NY, USA}
}
@Article{   7123563,
  author  = { Al-Fuqaha, Ala and Guizani, Mohsen and Mohammadi, Mehdi and Aledhari, Mohammed and Ayyash, Moussa},
  title   = {Internet of Things: A Survey on Enabling Technologies, Protocols, and Applications},
  journal = {IEEE Communications Surveys Tutorials},
  publisher = {IEEE},
  year    = {2015},
  volume  = {17},
  number  = {4},
  pages   = {2347-2376},
	}
@InProceedings{   8452820,
  author  = {R. M. {Gomathi} and G. H. S. {Krishna} and E. {Brumancia} and Y. M. {Dhas}},
  title   = {A Survey on IoT Technologies, Evolution and Architecture},
  booktitle = {2018 International Conference on Computer, Communication, and Signal Processing (ICCCSP)},
  year    = {2018},
  pages   = {1-5},
  month={FEb},
}
@article{ATZORI20102787,
	title = {The Internet of Things: A survey},
	journal = {Computer Networks},
	volume = {54},
	number = {15},
	pages = {2787 - 2805},
	year = {2010},
	author = {Luigi Atzori and Antonio Iera and Giacomo Morabito},
	}
@Misc{      iotdef,
  title   = {{Towards a definition of the Internet of Things({IoT})}},
  author  = {IEEE},
  year    = {2019},
  month   = {May},
}
@InProceedings{   10.1007/978-981-13-2285-3_24,
  author  = {Roshan, Rakesh  and Sharma, Anukrati  and Rishi, Om Prakash },
  title   = {IoT Platform for Smart City: A Global Survey},
  booktitle = {Emerging Trends in Expert Applications and Security},
  publisher = {Springer Singapore},
  year    = {2019},
  pages   = {197--202},
	}


@InProceedings{   7555867,
  author  = {H. {Arasteh} and V. {Hosseinnezhad} and V. {Loia} and A.
  {Tommasetti} and O. {Troisi} and M. {Shafie-khah} and P.
  {Siano}},
  title   = {Iot-based smart cities: A survey},
  booktitle = {2016 IEEE 16th International Conference on Environment and Electrical Engineering (EEEIC)},
  publisher = {IEEE},
  year    = {2016},
  pages   = {1-6},
 }
@InProceedings{   8714572,
  author  = {AlHammadi, Abdulla  and AlZaabi, Aisha  and AlMarzooqi, Bashayer  and AlNeyadi, Suhail  and AlHashmi, Zayed and Shatnawi, Maad},
  booktitle = {2019 Advances in Science and Engineering Technology International Conferences (ASET)},
  title   = {Survey of IoT-Based Smart Home Approaches},
  year    = {2019},
  pages   = {1-6},
  month   = {March}
}
@MastersThesis{   wahlfrid2017forming,
  title   = {Forming Emergent Configurations in Smart Office IoT Systems},
  author  = {Wahlfrid, Jonas and Ireng{\aa}rd Gullstrand, Simon},
  year    = {2017},
  school = {Malm{\"o} h{\"o}gskola/Teknik och samh{\"a}lle}
}
@InProceedings{   6005695,
  author  = {An, Sheng-hai  and Lee, Byung-Hyug and Shin, Dong-Ryeol  },
  title   = {A Survey of Intelligent Transportation Systems},
  booktitle = {2011 Third International Conference on Computational Intelligence, Communication Systems and Networks},
  year    = {2011},
  pages   = {332-337},
 }
@TechReport{    ciscomobilewhite,
  title   = {Cisco Visual Networking Index: Global Mobile Data Traffic Forecast Update, 2013–2018},
  institution = {Cisco},
  year    = {2014},
  optmonth  = {Feb}
}
@article{10.1016/j.jnca.2016.09.005,
	author = {Habib, Sana and Qadir, Junaid and Ali, Anwaar and Habib, Durdana and Li, Ming and Sathiaseelan, Arjuna},
	title = {The Past, Present, and Future of Transport-Layer Multipath},
	journal = {Journal of Network and Comput. Appl.},
	publisher = {Academic Press Ltd.},
	year = {2016},
	volume = {75},
	number = {C},
	pages = {236–-258},
	month={Nov},
  	}
@ARTICLE{8786240,
  author={Polese, Michele and Chiariotti, Federico and Bonetto, Elia and Rigotto, Filippo and  Zanella, Andrea and Zorzi, Michele},
  journal={IEEE Communications Surveys \& Tutorials}, 
  title={A Survey on Recent Advances in Transport Layer Protocols}, 
  year={2019},
  volume={21},
  number={4},
  pages={3584-3608},}
@TechReport{    sctp,
  title   = {Stream Control Transmission Protocol},
  author  = {R. Stewart},
  institution = {IETF, RFC4960},
  month   = {Sep},
  year    = {2007}}
@INPROCEEDINGS{8990704,
  author={Farrugia, Noel  and Buttigieg, Victor and Briffa, Johann A.  },
  booktitle={2019 IEEE 44th Conference on Local Computer Networks (LCN)}, 
  title={Multi-Stream {TCP}: Leveraging the Performance of a Per-Packet Multipath Routing Algorithm When Using {TCP} and {SDN}}, 
  year={2019},
  volume={},
  number={},
  pages={218-221},}

@TechReport{    draftbalia,
  title   = {Balanced Linked Adaptation Congestion Control Algorithm for {MPTCP}},
  author  = {Walid, Anwar  and Peng, Qiuyu  and Low, Steven H.  and Hwang, Jaehyun },
  institution = {Internet Engineering Task Force - Draft},
  month   = {Jan},
  year    = {2016}
}


@TechReport{	  draftMPDCCP,
  title		= {A multipath framework for {UDP} traffic over heterogeneous access networks},
  author	= {Bogenfeld, Eckard and Kassler, Andreas  and Amenda, Markus and Rakocevic, Veselin  and Brunstrom, Anna },
  institution	= {Internet Engineering Task Force - Draft},
  month		= {Jul},
  year		= {2020}
}
@article{THOMAS2020264,
	title = {Multipath congestion control with network assistance},
	journal = {Computer Communications},
	volume = {153},
	pages = {264 - 278},
	year = {2020},
	issn = {0140-3664},
	author = {Thomas, Yannis  and Xylomenos, George  and Polyzos, George C. },
	}
@inproceedings{10.1145/3241539.3267738,
	author = {Mohan, Nitinder and Shreedhar, Tanya and Zavodavoski, Aleksandr and Waltari, Otto and Kangasharju, Juss and Kaul, Sanjit K.},
	title = {Poster: Redesigning {MPTCP} for Edge Clouds},
	booktitle = {Proc. of the 24th Annual International Conference on Mobile Computing and Networking},
	publisher = {Association for Computing Machinery},
	year = {2018},
	pages = {675–-677},
	address={New York, NY, USA},
	}
@Misc{		  mptcp-apple,
  title		= {Apple uses Multipath TCP},
  year		= {2018},
  month		= {Dec},
  author	= {multipath-tcp.org},}
}
@INPROCEEDINGS{8784653,
  author={{De Coninck}, Quentin and {Bonaventure}, Olivier},
  booktitle={2019 Network Traffic Measurement and Analysis Conference (TMA)}, 
  title={{MultipathTester:} Comparing {MPTCP} and {MPQUIC} in Mobile Environments}, 
  year={2019},
  pages={221-226},}
@INPROCEEDINGS{6831263,
  author={{Becke}, Martin and {Adhari}, Hakim and {Rathgeb}, Erwin P. and Fa, Fu and Yang, Xiong and Zhou, Xing},
  title={Comparison of Multipath {TCP} and {CMT-SCTP} based on intercontinental measurements}, 
  booktitle={2013 IEEE Global Communications Conference (GLOBECOM)}, 
  publisher = {IEEE},
  year={2013},
  pages={1360-1366},}

@inproceedings{10.1145/3143361.3143370,
	author = {{De Coninck}, Quentin and {Bonaventure}, Olivier},
	title = {Multipath {QUIC:} Design and Evaluation},
	booktitle = {Proc. of the 13th International Conference on Emerging Networking EXperiments and Technologies},
	publisher = {Association for Computing Machinery},
	year = {2017},
	pages = {160–-166},
	address={New York, NY, USA},
	
	}
@TechReport{    ford2011architectural,
  title   = {Architectural guidelines for multipath TCP development},
  author  = {Ford, Alan and Raiciu, Costin and Handley, Mark and Barre, Sebastien and Iyengar, J.},
  institution = {IETF, RFC6824},
  month   = {Jan},
  year    = {2011}
}
@Misc{      mptcp_kernel,
  key   = {mptcp_kernel},
  title   = {{MultiPath {TCP} - Linux Kernel implementation}},
  howpublished  = {\url{https://multipath-tcp.org}}
}

@Article{   congestion_survey,
  author  = { Xu, Changqiao  and Zhao, Jia  and Muntean, Gabriel-Miro  },
  journal = {IEEE Communication Surveys \& Tutorials},
  title   = {{Congestion Control Design for Multipath Transport Protocols: A Survey}},
  year    = {2016},
  volume  = {18},
  number  = {4},
  pages   = {2948-2969},
  month   = {Fourthquarter}
}
@TechReport{    raiciu2011coupled,
  title   = {Coupled congestion control for multipath transport protocols},
  author  = {Raiciu, Costin and Handley, Mark and Wischik, Damon},
  institution = {IETF, RFC6356},
  year    = {2011}
}


@InProceedings{   zhou2013goodput,
  title   = {Goodput improvement for multipath {TCP} by congestion window adaptation in multi-radio devices},
  author  = {Zhou, Dizhi and Song, Wei and Shi, Minghui},
  booktitle = {Proceedings of 10th IEEE CCNC},
  pages   = {508--514},
  year    = {2013},
  organization  = {IEEE}
}
@InProceedings{   7577207,
  author  = {Ou, Shih-Hao  and Huang, Chih-Wei  and Lee, Tzu-Kuan  and Huang, Chih-Yang  },
  title   = {Out-of-order transmission enabled congestion and scheduling control for multipath {TCP}},
  booktitle = {Proceedings of 12th IWCMC},
  year    = {2016},
  pages   = {1069-1073},
 }
@InProceedings{   1630562,
  author  = { Chen, Yingwen and Leong, Hong Va and Xu, Ming and Cao, Jiannong and  {Chan}, K. C. C. and {Chan}, A. T. S. },
  booktitle = {7th International Conference on Mobile Data Management (MDM'06)},
  title   = {In-Network Data Processing forWireless Sensor Networks},
  year    = {2006},
  pages   = {26-26},
  month   = {May},
}
@article{zhou20189,
	title = {A survey on network data collection},
	journal = {Journal of Network and Computer Applications},
	volume = {116},
	pages = {9 - 23},
	year = {2018},
	author = {Donghao Zhou and Zheng Yan and Yulong Fu and Zhen Yao},
	}
@InProceedings{   gedeonedge,
  author  = {Gedeon, Julien},
  booktitle = {2017 International Conference on Networked Systems (NetSys PhD forum)},
  title   = {Edge Computing via Dynamic In-Network Processing},
  year    = {2017},
  pages   = {1-2},
  month   = {March}
}
@InProceedings{   234837,
  author  = {Mustard, Craig and Ruffy, Fabian  and Gakhokidze, Anny  and Beschastnikh, Ivan  and Fedorova, Alexandra },
  title   = {Jumpgate: {In-Network} Processing as a Service for Data Analytics},
  booktitle = {11th {USENIX} Workshop on Hot Topics in Cloud Computing (HotCloud 19)},
  publisher = {{USENIX} Association},
  year    = {2019},
  address={Renton, WA},
  month = {July}
	}
@InProceedings{   Stoenescu:2015:IIP:2741948.2741961,
  author  = {Stoenescu, Radu and Olteanu, Vladimir and Popovici, Matei
  and Ahmed, Mohamed and Martins, Joao and Bifulco, Roberto
  and Manco, Filipe and Huici, Felipe and Smaragdakis,
  Georgios and Handley, Mark and Raiciu, Costin},
  title   = {In-Net: In-network Processing for the Masses},
  booktitle = {Proceedings of the Tenth European Conference on Computer Systems},
  year    = {2015},
  location  = {Bordeaux, France},
  pages   = {23:1--23:15},
  articleno = {23},
  numpages  = {15},
  publisher = {ACM},
  address = {New York, NY, USA}
}
@InProceedings{   Blocher:2018:BSD:3211922.3211923,
  author  = {Bl\"{o}cher, Marcel and Ziegler, Tobias and Binnig, Carsten and Eugster, Patrick},
  title   = {Boosting Scalable Data Analytics with Modern Programmable Networks},
  booktitle = {Proceedings of the 14th International Workshop on Data Management on New Hardware},
  year    = {2018},
  pages   = {1:1--1:3},
  articleno = {1},
  numpages  = {3},
  publisher = {ACM},
  address = {New York, NY, USA},
}
@InProceedings{   Xing:2019:APD:3365609.3365860,
  author  = {Xing, Jiarong and Wu, Wenqing and Chen, Ang},
  title   = {Architecting Programmable Data Plane Defenses into the Network with FastFlex},
  booktitle = {Proceedings of the 18th ACM Workshop on Hot Topics in Networks},
  year    = {2019},
  pages   = {161--169},
  numpages  = {9},
  publisher = {ACM},
  address = {New York, NY, USA}
}


@article{YOUSEFPOUR2019289,
	title = {All one needs to know about fog computing and related edge computing paradigms: A complete survey},
	journal = {Journal of Systems Architecture},
	volume = {98},
	pages = {289 - 330},
	year = {2019},
	author = {Yousefpour, Ashkan  and Fung, Caleb  and Nguyen, Tam  and Kadiyala, Krishna  and Jalali, Fatemeh  and Niakanlahiji, Amirreza and Kong, Jian and Jue, Jason P. },
	}
@Misc{      mobile:edge,
  title   = {{Mobile Edge Computing)}},
  author  = {ETSI},
  year    = {2019},
  month   = {May},
}
@article{KHAN2019219,
	title = {Edge computing: A survey},
	journal = {Future Generation Computer Systems},
	volume = {97},
	pages = {219 - 235},
	year = {2019},
	author = {Wazir Zada Khan and Ejaz Ahmed and Saqib Hakak and Ibrar Yaqoob and Arif Ahmed},
	}
@ARTICLE{8444370,
	author={{Naha}, Ranesh Kumar and {Garg}, Saurabh and {Georgakopoulos}, Dimitrios and {Jayaraman}, Prem Prakash and {Gao},  Longxiang and {Xiang}, Yong and {Ranjan}, Rajiv},
	title={Fog Computing: Survey of Trends, Architectures, Requirements, and Research Directions},
	journal={IEEE Access},
	publisher ={IEEE},
	year={2018},
	volume={6},
	pages={47980-48009},}
@Article{   8423800,
  author  = {IEEE},
  title   = {IEEE Standard for Adoption of OpenFog Reference Architecture for Fog Computing},
  journal = {IEEE Std 1934-2018},
  year    = {2018},
  pages   = {1-176},
  month = {August},
 }
@inproceedings{10.1145/3040992.3041004,
  author = {Zhang, Nuyun and Li, Hongda and Hu, Hongxin and Park, Younghee},
  title = {Towards Effective Virtualization of Intrusion Detection Systems},
  booktitle = {Proceedings of the ACM International Workshop on Security in Software Defined Networks \& Network Function Virtualization},
  publisher = {Association for Computing Machinery},
  year = {2017},
  pages = {47--50},
  address={New York, NY, USA},
  }
@Misc{		  etsi-mano,
  title		= {ETSI-Open Source MANO (OSM)},
  year		= {2020},
  month		= {JAN},
  author	= {ETSI},
}

@INPROCEEDINGS{7502829,
  author={Zhang, Sai Qian  and Tizghadam, Ali and Park, Byungchul  and Bannazadeh, Hadi  and Leon-Garcia, Alberto},
  title={Joint NFV placement and routing for multicast service on SDN}, 
  booktitle={NOMS 2016 - 2016 IEEE/IFIP Network Operations and Management Symposium}, 
  publisher = {IEEE},
  year={2016},
  pages={333-341},}
@ARTICLE{8392781,
  author={Pei, Jianing  and Hong, Peilin  and Xue, Kaiping  and Li, Defang},
  title={Resource Aware Routing for Service Function Chains in SDN and NFV-Enabled Network}, 
  journal={IEEE Transactions on Services Computing}, 
  publisher = {IEEE},
  year={2018},
  pages={1-1},}
@ARTICLE{8932445,
  author={Pei, Jianing  and Hong, Peilin and  Pan, Miao  and Liu, Jiangqing and Zhou, Jingsong},
  journal={IEEE Journal on Selected Areas in Communications}, 
  title={Optimal VNF Placement via Deep Reinforcement Learning in SDN/NFV-Enabled Networks}, 
  year={2020},
  volume={38},
  number={2},
  pages={263-278},}
@incollection{GORANSSON201739,
  editor ={Göransson, Paul and  Black, Chuck and Culver,  Timothy},
  title = {Chapter 3 - Genesis of SDN},
  booktitle = {Software Defined Networks (Second Edition)},
  publisher = {Morgan Kaufmann},
  edition = {Second Edition},
  address = {Boston},
  year = {2017},
  pages = {39 - 60},
  }


@article{campbell1999survey,
  title={A survey of programmable networks},
  author={Campbell, Andrew T and De Meer, Herman G and Kounavis, Michael E and Miki, Kazuho and Vicente, John B and Villela, Daniel},
  journal={ACM SIGCOMM Computer Communication Review},
  volume={29},
  number={2},
  pages={7--23},
  year={1999},
  publisher={ACM New York, NY, USA}
}
@incollection{GORANSSON2017241,
	title = {Chapter 10 - Network Functions Virtualization},
	editor = {Paul Göransson and Chuck Black and Timothy Culver},
	booktitle = {Software Defined Networks (Second Edition)},
	publisher = {Morgan Kaufmann},
	edition = {Second Edition},
	address = {Boston},
	pages = {241 - 252},
	year = {2017},
	author = {Paul Göransson and Chuck Black and Timothy Culver},
	}
@ARTICLE{8723306,
  author={ Nam, Jaehyun and Jo, Hyeonseong and Kim, Yeonkeun and Porras, Phillip and Yegneswaran, Vinod and Shin, Seungwon  },
  journal={IEEE/ACM Transactions on Networking}, 
  title={Operator-Defined Reconfigurable Network OS for Software-Defined Networks}, 
  year={2019},
  volume={27},
  number={3},
  pages={1206-1219},}
@TechReport{    presuhn2002version,
  title   = {Version 2 of the protocol operations for the simple network management protocol ({SNMP})},
  author  = {Presuhn, Randy},
  year    = {2002}
}
@TechReport{    rfc3584,
  title   = {Coexistence between Version 1, Version 2, and Version 3 of the Internet-standard Network Management Framework},
  author  = {Frye, Rob and  Levi, David B. and Wijnen, Bert and Routhier, Shawn A.},
  institution = {IETF, RFC3584},
  year    = {2003}
}
@InProceedings{   benson2009unraveling,
  title   = {Unraveling the Complexity of Network Management},
  author  = {Benson, Theophilus and Akella, Aditya and Maltz, David A},
  booktitle = {NSDI},
  pages   = {335--348},
  year    = {2009}
}
@inproceedings{10.1145/2070562.2070565,
  author = {Ghodsi, Ali and Shenker, Scott and Koponen, Teemu and Singla, Ankit and Raghavan, Raghavan and Wilcox, James},
  title = {Intelligent Design Enables Architectural Evolution},
  booktitle = {Proceedings of the 10th ACM Workshop on Hot Topics in Networks},
  publisher = {Association for Computing Machinery},
  year = {2011},
  address={New York, NY, USA},
  }
@article{improving2013kim,
	author = {Kim, Hyojoon and Feamster, Nick},
	year = {2013},
	month = {01},
	pages = {114-119},
	title = {Improving network management with software defined networking. Communications Magazine},
	volume = {51},
	journal = {IEEE}
	}
@inproceedings{10.5555/1251203.1251207,
  author = {Feamster, Nick and Balakrishnan, Hari},
  title = {Detecting BGP Configuration Faults with Static Analysis},
  booktitle = {Proceedings of the 2nd Conference on Symposium on Networked Systems Design \& Implementation - Volume 2},
  publisher = {USENIX Association},
  year = {2005},
  pages = {43–56},
  address={USA},
  }
@article{bgpsurvey2010butler,
	author = {Butler, Kevin and Farley, Toni and McDaniel, Patrick and Rexford, Jennifer},
	year = {2010},
	month = {02},
	pages = {100 - 122},
	title = {A Survey of BGP Security Issues and Solutions},
	volume = {98},
	journal = {Proceedings of the IEEE},
	}


@TechReport{    rfc7426,
  title   = {Software-Defined Networking (SDN): Layers and Architecture Terminology},
  author  = {Evangelos Haleplidis and Kostas Pentikousis and Spyros Denazis and Jamal Hadi Salim and David Meyer and Odysseas Koufopavlou},
  institution = {IETF, RFC7426},
  year    = {2015}
}
@TechReport{    rfc5812,
  title   = {Forwarding and Control Element Separation ({ForCES}) Forwarding Element Model},
  author  = {Halpern, Joel M.  and Salim, Jamal Hadi },
  institution = {IETF, RFC5812},
  year    = {2010}
}
@Misc{      openflow1.3,
  author  = {ONF},
  title   = {{OpenFlow V 1.3}},
  howpublished  = {\url{http://www.cisco.com/web/solutions/sp/vni/vni_forecast_highlights/index.html}}
}
@TechReport{    rfc6020,
  title   = {{{YANG} - A Data Modeling Language for the Network Configuration Protocol ({NETCONF})}},
  author  = {Björklund, Martin },
  institution = {IETF, RFC6020},
  year    = {2010}
}

@TechReport{    rfc3418,
  title   = {{Management Information Base ({MIB}) for the Simple Network Management Protocol ({SNMP})}},
  author  = {Randy Presuhn},
  institution = {IETF, RFC3418},
  year    = {2002}
}
@article{10.1145/2656877.2656890,
  author = {Bosshart, Pat and Daly, Dan and Gibb, Glen and Izzard, Martin and McKeown, Nick and Rexford, Jennifer and Schlesinger, Cole and Talayco, Dan and Vahdat, Amin and Varghese, George and Walker, David},
  title = {P4: Programming Protocol-Independent Packet Processors},
  journal = {SIGCOMM Comput. Commun. Review}, 
  publisher = {Association for Computing Machinery},
  year = {2014},
  volume = {44},
  number = {3},
  pages = {87–95},
  }
@TechReport{    rfc826,
  title   = {{An Ethernet Address Resolution Protocol: Or Converting Network Protocol Addresses to 48.bit Ethernet Address for Transmission on Ethernet Hardware}},
  institution = {IETF, RFC826},
  year    = {1982}
}

@TechReport{    rfc4957,
  title   = {{Link-Layer Event Notifications for Detecting Network Attachments}},
  author  = {Krishnan, Suresh  and Veerepalli, Siva  and Njedjou, Eric  and  Yegin, Alper E. and Montavont, Nicolas },
  institution = {IETF, RFC4957},
  year    = {2007}
}
@Misc{      openflow,
  title   = {openflow-spec-v1.1.0},
  howpublished  = {\url{http://archive.openflow.org/documents/openflow-spec-v1.1.0.pdf}}
}
@Misc{      ofconfig,
  url   = {https://www.opennetworking.org/images/stories/downloads/sdn-resources/onf-specifications/openflow-config/of-config-1.2.pdf},
  title   = {OpenFlow Management and Configuration Protocol},
  year    = {2019},
  month   = {Sept},
  author  = {Wikipedia},
}
@inproceedings{10.1145/2002396.2002405,
  author = {Nascimento, Marcelo R. and Rothenberg, Christian E. and Salvador, Marcos R. and {Corrêa}, Carlos N. A. and de Lucena, Sidney C. and {Magalhães}, {Maurício} F. },
  title = {Virtual Routers as a Service: The RouteFlow Approach Leveraging Software-Defined Networks},
  booktitle = {Proceedings of the 6th International Conference on Future Internet Technologies},
  publisher = {Association for Computing Machinery},
  year = {2011},
  pages = {34--37},
  address={New York, NY,USA}
  }


@InProceedings{lakshman2004the,
	author = {Lakshman, T. V. and Nandagopal, Thyaga and Ramjee, Ramachandran and , K. Sabnani and Woo, T.},
	title = {The SoftRouter Architecture},
	booktitle = {ACM HOTNETS},
	year = {2004},
	month = {January},
	publisher = {ACM},
	edition = {ACM HOTNETS},
	}
@TechReport{    rfc7047,
  title   = {{The Open vSwitch Database Management Protocol}},
  author  = {Pfaff, Ben  and Davie, Bruce },
  institution = {IETF, RFC7047},
  year    = {2013}
}

@TechReport{    rfc6241,
  title   = {{Network Configuration Protocol ({NETCONF})}},
  author  = {{Enns}, Rob and {Björklund}, Martin  and Bierman, Andy  and {Schönwälder}, {Jürgen} },
  institution = {IETF, RFC6241},
  year    = {2011}
}

@TechReport{    rfc3411,
  title   = {{An Architecture for Describing Simple Network Management Protocol ({SNMP}) Management Frameworks}},
  author  = {Harrington, David  and Wijnen, Bert  and Presuhn, Randy},
  institution = {IETF, RFC3411},
  year    = {2002}
}

@TechReport{    rfc5810,
  title   = {{Forwarding and Control Element Separation ({ForCES}) Protocol Specification}},
  author  = {Halpern, Joel M.  and HAAS, Robert  and Doria, Avri  and Dong, Ligang  and Wang, Weiming  and Khosravi, Hormuzd M. and Salim, Jamal Hadi  and Gopal, Ram },
  institution = {IETF, RFC5810},
  year    = {2010}
}
@TechReport{    rfc5531,
  title   = {{RPC:} Remote Procedure Call Protocol Specification Version 2},
  author  = {Thurlow, Robert },
  institution = {IETF, RFC5531},
  year    = {2009}
}

@Misc{      rest,
  title   = {Representational state transfer},
  year    = {2019},
  month   = {Sept},
  author  = {Wikipedia},
}

@Misc{      corba,
  title   = {Common Object Request Broker Architecture},
  year    = {2019},
  month   = {Sept},
  author  = {Wikipedia},
}
@article{DBLP:journals/ife/GessertWFR17,
  author    = {Felix Gessert an Wolfram Wingerath and Steffen Friedrich and Norbert Ritter},
  title     = {NoSQL database systems: a survey and decision guidance},
  journal   = {Computer Science - R{\&}D},
  volume    = {32},
  number    = {3-4},
  pages     = {353--365},
  year      = {2017},
}
@InProceedings{   hassasyeganeh:2012:kfe:2342441.2342446,
  author  = {Hassas Yeganeh, Soheil and Ganjali, Yashar},
  title   = {Kandoo: A Framework for Efficient and Scalable Offloading of Control Applications},
  booktitle = {Proceedings of the 1st Workshop on HotSDN},
  pages   = {19--24},
  year    = {2012}
}
@inproceedings{cs5737,
	author = {Canini, Marco  and  Salem, Iosif and  Schiff, Liron and Schiller, Elad M. and Schmid, Stefan },
	year = {2017},
	title = {A Self-Organizing Distributed and {In-Band SDN} Control Plane},
	booktitle = {37th IEEE International Conference on Distributed Computing Systems (ICDCS)},
	}


@article{10.1145/2875951.2875957,
	author = {Schiff, Liron and Schmid, Stefan and Kuznetsov, Petr},
	title = {In-Band Synchronization for Distributed {SDN} Control Planes},
	journal = {SIGCOMM Comput. Commun. Review},
	publisher = {Association for Computing Machinery},
	year = {2016},
	volume = {46},
	number = {1},
	pages = {37–43},
	}
@inproceedings{10.1145/2890955.2890959,
	author = {Hong, David Ke and Ma, Yadi and Banerjee, Sujata and Mao, Z. Morley},
	title = {Incremental Deployment of SDN in Hybrid Enterprise and ISP Networks},
	booktitle = {Proc. of the Symposium on {SDN} Research},
	publisher = {Association for Computing Machinery},
	year = {2016},
	address={New York, NY, USA},
	}
@ARTICLE{8360763,
  author={{Amin}, Rashid and {Reisslein}, Martin and {Shah}, Nadir},
  title={Hybrid {SDN} Networks: A Survey of Existing Approaches}, 
  journal={IEEE Communications Surveys \& Tutorials}, 
  publisher = {IEEE},
  year={2018},
  volume={20},
  number={4},
  pages={3259-3306},}
@inproceedings{10.1145/2670518.2673873,
	author = {Ludwig, Arne and Rost, Matthias and Foucard, Damien and Schmid, Stefan},
	title = {Good Network Updates for Bad Packets: Waypoint Enforcement Beyond Destination-Based Routing Policies},
	booktitle = {Proceedings of the 13th ACM Workshop on Hot Topics in Networks},
	publisher = {Association for Computing Machinery},
	year = {2014},
	pages = {1–7},
	address={New York, NY, USA}
	}
@Misc{		  zodiac,
  title		= {{KSZ8795CLX}},
  author	= {Microchip Technology Inc},
  year		= {2016},
  month		= {May},
}
@Misc{		  pica8,
  title		= {{Pica 8 OpenFlow Supported Switch}},
  author	= {Pica8.org},
  year		= {2016},
  month		= {May},
}
@article{AWAN20191,
	title = {An improved mechanism for flow rule installation in-band SDN},
	journal = {Journal of Systems Architecture},
	volume = {96},
	pages = {1 - 19},
	year = {2019},
	author = {Israr Iqbal Awan and Nadir Shah and Muhammad Imran and Muhammad Shoaib and Nasir Saeed},
	}
@ARTICLE{8624502,
  author={Qiu, Kun and Yuan, Jing and Zhao, Jin and Wang, Xin and Secci, Stefano and Fu, Xiaoming},
  journal={IEEE Journal on Selected Areas in Communications}, 
  title={FastRule: Efficient Flow Entry Updates for TCAM-Based OpenFlow Switches}, 
  year={2019},
  volume={37},
  number={3},
  pages={484-498},}
@article{XU2019106891,
	title = {Reducing controller response time with hybrid routing in software defined networks},
	journal = {Computer Networks},
	volume = {164},
	pages = {106891},
	year = {2019},
	author = {Xu, Hongli and Liu, Jianchun and Qian, Chen and Huang, He and Qiao, Chunming},
	}
@article{GOTO2019106892,
	title = {Queueing analysis of software defined network with realistic OpenFlow–based switch model},
	journal = {Computer Networks},
	volume = {164},
	pages = {106--892},
	year = {2019},
	author = {Goto, Yuki and Ng, Bryan and Seah, Winston K.G. and Takahashi, Yutaka},
	}
@INPROCEEDINGS{7525645,
  author={{Rahimi}, Reza and M. {Veeraraghavan} and Y. {Nakajima} and H. {Takahashi} and Y. {Nakajima} and S. {Okamoto} and N. {Yamanaka}},
  title={A high-performance OpenFlow software switch}, 
  booktitle={2016 IEEE 17th International Conference on High Performance Switching and Routing (HPSR)}, 
  publisher = {IEEE},
  year={2016},
  pages={93-99},}


@Misc{      dpdk,
  title   = {Home - DPDK},
  year    = {2019},
  month   = {Sept},
  author  = {Intel},
}
@article{FERNANDES2020102685,
	title = {The road to BOFUSS: The basic OpenFlow userspace software switch},
	journal = {Journal of Network and Computer Applications},
	volume = {165},
	pages = {102--685},
	year = {2020},
	author = {Fernandes, Eder Leão  and Rojas, Elisa  and Alvarez-Horcajo, Joaquin and Kis, Zoltàn Lajos and Sanvito, Davide and Bonelli, Nicola and Cascone, Carmelo and Rothenberg, Christian E.},
	}
@Misc{      openvswitch,
  author  = {OVS},
  title   = {{Open vSwitch}},
  howpublished  = {\url{http://openvswitch.org/}}
}
@INPROCEEDINGS{8697022,
  author={{Hätönen}, Seppo and {Savolainen}, Petri and {Rao}, Ashwin and {Flinck}, Hannu and {Tarkoma}, Sasu},
  booktitle={2018 IFIP Networking Conference (IFIP Networking) and Workshops}, 
  title={{SWIFT:} Bringing SDN-Based Flow Management to Commodity Wi-Fi Access Points}, 
  year={2018},
  pages={1-9},}
@ARTICLE{8892539,
  author={{Hätönen}, Seppo and {ul Huque}, Md Tanvir Ishtaique and {Rao}, Ashwin and {Jourjon}, Guillaume and {Gramoli}, Vincent and {Tarkoma}, Sasu},
  journal={{IEEE} Networking Letters}, 
  title={An SDN Perspective on Multi-Connectivity and Seamless Flow Migration}, 
  year={2020},
  volume={2},
  number={1},
  pages={19-22},}
@inproceedings{10.1145/2670518.2673868,
	author = {Vissicchio, Stefano and Vanbever, Laurent and Rexford, Jennifer},
	title = {Sweet Little Lies: Fake Topologies for Flexible Routing},
	booktitle = {Proceedings of the 13th ACM Workshop on Hot Topics in Networks},
	publisher = {Association for Computing Machinery},
	year = {2014},
	pages = {1–-7},
	adress={New York, NY, USA},
	}
@ARTICLE{7501614,
  author={{Caria}, Marcel and {Jukan}, Admela and {Hoffmann}, Marco},
  title={SDN Partitioning: A Centralized Control Plane for Distributed Routing Protocols}, 
  journal={IEEE Transactions on Network and Service Management}, 
  publisher = {IEEE},
  year={2016},
  volume={13},
  number={3},
  pages={381-393},}
@INPROCEEDINGS{7524410,
  author={Aubry, {François} and Lebrun, David and Vissicchio, Stefano and Khong, Minh Thanh and Deville, Yves and Bonaventure, Olivier},
  title={SCMon: Leveraging segment routing to improve network monitoring}, 
  booktitle={IEEE INFOCOM 2016 - The 35th Annual IEEE International Conference on Computer Communications}, 
  publisher= {IEEE},
  year={2016},
  pages={1-9},}
@inproceedings{10.1145/2774993.2774996,
  author = {Katta, Naga and Zhang, Haoyu and Freedman, Michael and Rexford, Jennifer},
  title = {Ravana: Controller Fault-Tolerance in Software-Defined Networking},
  booktitle = {Proceedings of the 1st ACM SIGCOMM Symposium on Software Defined Networking Research},
  publisher = {Association for Computing Machinery},
  year = {2015},
 address={New York, NY, USA},
  }


@InProceedings{   hyperflow,
  author  = {Tootoonchian, Amin and Ganjali, Yashar},
  title   = {HyperFlow: A Distributed Control Plane for OpenFlow},
  booktitle = {Proceedings of the 2010 Internet Network Management Conference on Research on Enterprise Networking},
  year    = {2010},
  pages   = {3--3},
  publisher = {USENIX Association}
}
@InProceedings{   dixit2014elasticon,
  title   = {ElastiCon: an elastic distributed sdn controller},
  author  = {Dixit, Advait and Hao, Fang and Mukherjee, Sarit and Lakshman, TV and Kompella, Ramana Rao},
  booktitle = {Proceedings of the 10th ANCS , 2014},
  pages   = {17--28},
  year    = {2014},
  organization  = {ACM}
}
@article{TAJIKI2019106850,
	title = {Joint failure recovery, fault prevention, and energy-efficient resource management for real-time SFC in fog-supported SDN},
	journal = {Computer Networks},
	volume = {162},
	pages = {106--850},
	year = {2019},
	author = {Tajiki, Mohammad M. and Shojafar, Mohammad and Akbari, Behzad and Salsano, Stefano and Conti, Mauro and Singhal, Mukesh},
	}
@InProceedings{   jain2013b4,
  title   = {B4: Experience with a globally-deployed software defined {WAN}},
  author  = {Jain, Sushant and Kumar, Alok and Mandal, Subhasree and
  Ong, Joon and Poutievski, Leon and Singh, Arjun and
  Venkata, Subbaiah and Wanderer, Jim and Zhou, Junlan and
  Zhu, Min and others},
  booktitle = {Proceedings of the SIGCOMM, 2013},
  pages   = {3--14},
  year    = {2013},
  organization  = {ACM}
}
@inproceedings{shah2018cuttlefish,
  title={Cuttlefish: Hierarchical SDN controllers with adaptive offload},
  author={Shah, Rinku and Vutukuru, Mythili and Kulkarni, Purushottam},
  booktitle={2018 IEEE 26th International Conference on Network Protocols (ICNP)},
  pages={198--208},
  year={2018},
  organization={IEEE}
}
@ARTICLE{8701481,
  author={ Togou, Mohammed A.  and Chekired, Djabir A.  and Khoukhi, Lyes and Muntean, Gabriel-Miro  },
  journal={IEEE Transactions on Network and Service Management}, 
  title={A Hierarchical Distributed Control Plane for Path Computation Scalability in Large Scale Software-Defined Networks}, 
  year={2019},
  volume={16},
  number={3},
  pages={1019-1031},}
@Article{   bannour2018distributed,
  title   = {Distributed SDN control: Survey, taxonomy, and challenges},
  author  = {Bannour, Fetia and Souihi, Sami and Mellouk, Abdelhamid},
  journal = {IEEE Communications Surveys \& Tutorials},
  volume  = {20},
  number  = {1},
  pages   = {333--354},
  year    = {2018},
  publisher = {IEEE}
}
@INPROCEEDINGS{8718110,
  author={ Shim, Woojin and Kim, Keecheon},
  booktitle={2019 International Conference on Information Networking (ICOIN)}, 
  title={A Study on Communication Optimization in Multi-SDN Controller}, 
  year={2019},
  volume={},
  number={},
  pages={461-464},}
@ARTICLE{8957348,
  author={ Xia, Wenchao and Zhang, Jun and Quek, Tony Q. S. and Jin, Shi and Zhu, Hongbo },
  journal={IEEE Vehicular Technology Magazine}, 
  title={Mobile Edge Cloud-Based Industrial Internet of Things: Improving Edge Intelligence With Hierarchical SDN Controllers}, 
  year={2020},
  volume={15},
  number={1},
  pages={36-45},}


@INPROCEEDINGS{7848825,
  author={ Ojo, Mike and Adami, Davide and Giordano, Stefano  },
  title={A SDN-IoT Architecture with NFV Implementation}, 
  booktitle={2016 IEEE Globecom Workshops (GC Wkshps)}, 
  publisher = {IEEE},
  year={2016},
  pages={1-6},}
@InProceedings{   huang2017blac,
  title   = {{BLAC: A Bindingless Architecture for Distributed SDN Controllers}},
  author  = {Huang, Victoria and Fu, Qiang and Chen, Gang and Wen, Elliott and Hart, Jonathan},
  booktitle = {proceedings of 42nd IEEE LCN},
  pages   = {146--154},
  year    = {2017}
}
@ARTICLE{8424018,
  author={Farris, Ivan and Taleb, Tarik and Khettab, Yacine and Song, Jaeseung},
  title={A Survey on Emerging SDN and NFV Security Mechanisms for IoT Systems}, 
  journal={IEEE Communications Surveys   Tutorials}, 
  publisher = {IEEE},
  year={2019},
  volume={21},
  number={1},
  pages={812-837},}
@inproceedings{inproceedings,
	author = {Krosche, Robert and Thimmaraju, Kashyap and Schiff, Liron and Schmid, Stefan},
	year = {2018},
	month = {May},
	pages = {217-225},
	title = {I DPID It My Way! A Covert Timing Channel in Software-Defined Networks},
	}
@article{doi:10.1002/cpe.4978,
  author = {Conti, Mauro and Kaliyar, Pallavi and Lal, Chhagan},
  title = {{CENSOR:} Cloud-enabled secure IoT architecture over {SDN} paradigm},
  journal = {Concurrency and Computation: Practice and Experience},
  volume = {31},
  number = {8},
  pages = {e4978},
  year = {2019}
  }
@INPROCEEDINGS{8766349,
  author={Bedhief, Intidhar and Kassar, Meriem and Aguili, Taoufik and Foschini, Luca and Bellavista, Paolo},
  booktitle={2019 15th International Wireless Communications   Mobile Computing Conference (IWCMC)}, 
  title={Self-Adaptive Management of SDN Distributed Controllers for Highly Dynamic IoT Networks}, 
  year={2019},
  pages={2098-2104},}
@INPROCEEDINGS{7987319,
  author={ Nguyen, Binh  ; Choi, Nakjung and Thottan, Marina and Merwe, Jacobus Van der},
  title={{SIMECA:} SDN-based IoT Mobile Edge Cloud Architecture}, 
  booktitle={2017 IFIP/IEEE Symposium on Integrated Network and Service Management (IM)},
  publisher= {IFIP/IEEE},
  year={2017},
  pages={503-509},}
@article{NADJARANTOOSI2019108,
	title = {{ElasticSFC:} Auto-scaling techniques for elastic service function chaining in network functions virtualization-based clouds},
	journal = {Journal of Systems and Software},
	volume = {152},
	pages = {108 - 119},
	year = {2019},
	author = {Toosi, Adel N. and Son, Jungmin and Chi, Qinghua and Buyya, Rajkumar},
	}
@ARTICLE{8598769, 
	author={ Otokura, Mari and Leibnitz, Kenji and Koizumi, Yuki and Kominami, Daichi and Shimokawa, Tetsuya and Murata, Masayuki}, 
	journal={IEEE Transactions on Network and Service Management}, 
	title={Evolvable Virtual Network Function Placement Method: Mechanism and Performance Evaluation},
	year={2019},
	volume={16},
	number={1},
	pages={27-40},} 
@article{YI201951,
	title = {A multi-criteria decision approach for minimizing the influence of VNF migration},
	journal = {Computer Networks},
	volume = {159},
	pages = {51 - 62},
	year = {2019},
	author = {Bo Yi and Xingwei Wang and Min Huang and Anwei Dong},
	}


@INPROCEEDINGS{8737387, 
	author={Xiong, Sisi and Cao, Qing  and Si, Weisheng },
	booktitle={IEEE INFOCOM 2019 - IEEE Conference on Computer Communications},
	title={Adaptive Path Tracing with Programmable Bloom Filters in Software-Defined Networks},
	year={2019},
	pages={496-504},
	} 
@article{TOLGABAGCI2019106845,
	title = {SDN-enabled distributed open exchange: Dynamic QoS-path optimization in multi-operator services},
	journal = {Computer Networks},
	volume = {162},
	pages = {106845},
	year = {2019},
	author = {Bagci, K. Tolga and Tekalp, A. Murat},
	}

@InProceedings{   Wischik:2011:DIE:1972457.1972468,
  author  = {Wischik, Damon and Raiciu, Costin and Greenhalgh, Adam and Handley, Mark},
  title   = {Design, Implementation and Evaluation of Congestion Control for Multipath TCP},
  booktitle = {Proceedings of the 8th USENIX Conference on Networked Systems Design and Implementation},
  year    = {2011},
  pages   = {99--112},
  publisher = {USENIX Association},
  address = {Berkeley, CA, USA}
}
@Article{   LI20141,
  title   = {Tolerating path heterogeneity in multipath TCP with bounded receive buffers},
  journal = {Computer Networks},
  volume  = {64},
  pages   = {1 - 14},
  year    = {2014},
  author  = {Ming Li and Andrey Lukyanenko and Sasu Tarkoma and Yong Cui and Antti YlÃ€-JÃ€Ã€ski}
}
@Article{   xue2017migrating,
  title   = {Migrating unfairness among subflows in MPTCP with network coding for wired--wireless networks},
  author  = {Xue, Kaiping and Han, Jiangping and Zhang, Hong and Chen, Ke and Hong, Peilin},
  journal = {IEEE Transactions on Vehicular Technology},
  volume  = {66},
  number  = {1},
  pages   = {798--809},
  year    = {2017}
}
@InProceedings{   Guo:2017:AMT:3117811.3117829,
  author  = {Guo, Yihua Ethan and Nikravesh, Ashkan and Mao, Z. Morley and Qian, Feng and Sen, Subhabrata},
  title   = {Accelerating Multipath Transport Through Balanced Subflow Completion},
  booktitle = {Proc. of the 23rd ACM MobiCom},
  year    = {2017},
  pages   = {141--153}
}
@InProceedings{   Lim:2017:EMP:3143361.3143376,
  author  = {Lim, Yeon-sup and Nahum, Erich M. and Towsley, Don and Gibbens, Richard J.},
  title   = {ECF: An MPTCP Path Scheduler to Manage Heterogeneous Paths},
  booktitle = {Proc. of the 13th ACM CoNEXT},
  year    = {2017},
  pages   = {147--159}
}
@InProceedings{   7987351,
  author  = { Kim, Jinhwan and Oh, Bong-Hwan  and Lee, Jaiyong },
  title   = {Receive Buffer based Path Management for MPTCP in heterogeneous networks},
  booktitle = {2017 IFIP/IEEE IM},
  publisher = {IFIP/IEEE},
  year    = {2017},
  pages   = {648-651},
 }


@InProceedings{   zhang2016sampo,
  title   = {SAMPO: Online subflow association for multipath TCP with partial flow records},
  author  = {Zhang, Yang and Mekky, Hesham and Zhang, Zhi-Li and Hao, Fang and Mukherjee, Sarit and Lakshman, TV},
  booktitle = {Proc. of 35th IEEE INFOCOM},
  pages   = {1--9},
  year    = {2016}
}
@Article{   wang2015paths,
  title   = {Paths selection-based resequencing queue length in concurrent multipath transfer},
  author  = {Wang, Fenghua and Xie, Dongliang and Wang, Jingyu and Zhang, Peng and Shi, Yan},
  journal = {Int. Journal of Communication Systems},
  volume  = {28},
  number  = {11},
  pages   = {1805--1827},
  year    = {2015},
  publisher = {Wiley Online Library}
}
@Misc{      lantz2015mininet,
  title   = {Mininet-an instant virtual network on your laptop (or other pc)},
  author  = {Lantz, B and Heller, B and Handigol, N and Jeyakumar, V and O’Connor, B},
  year    = {2015},
  publisher = {March}
}
@Article{   NAV:NAV3800220110,
  author  = {Salkin, Harvey M. and De Kluyver, Cornelis A.},
  title   = {The knapsack problem: A survey},
  journal = {Naval Research Logistics Quarterly},
  volume  = {22},
  number  = {1},
  publisher = {Wiley Subscription Services},
  pages   = {127--144},
  year    = {1975}
}
@TechReport{    rfc6418,
  title   = {Multiple Interfaces and Provisioning Domains Problem Statement},
  author  = {Pierrick Seite and Marc Blanchet},
  institution = {IETF, RFC6418},
  month   = {Nov},
  year    = {2011}
}
@Article{   nemeth2013large,
  title   = {A large-scale multipath playground for experimenters and early adopters},
  author  = {N{\'e}meth, Felici{\'a}n and Sonkoly, Bal{\'a}zs and Csikor, Levente and Guly{\'a}s, Andr{\'a}s},
  journal = {ACM SIGCOMM Computer Communication Review},
  volume  = {43},
  number  = {4},
  pages   = {481--482},
  year    = {2013},
  organization  = {ACM}
}
@InProceedings{   sonkoly2014sdn,
  title   = {SDN based testbeds for evaluating and promoting multipath tcp},
  author  = {Sonkoly, Bal{\'a}zs and N{\'e}meth, Felici{\'a}n and Csikor, Levente and Guly{\'a}s, L{\'a}szl{\'o} and Guly{\'a}s, Andr{\'a}s},
  booktitle = {2014 IEEE International Conference on Communications (ICC)},
  pages   = {3044--3050},
  year    = {2014},
  organization  = {IEEE}
}
@InProceedings{   mehani2015early,
  title   = {An early look at multipath TCP deployment in the wild},
  author  = {Mehani, Olivier and Holz, Ralph and Ferlin, Simone and Boreli, Roksana},
  booktitle = {Proceedings of the 6th International Workshop on Hot Topics in Planet-Scale Measurement},
  pages   = {7--12},
  year    = {2015},
  organization  = {ACM}
}
@InProceedings{   foster2011frenetic,
  title   = {Frenetic: A network programming language},
  author  = {Foster, Nate and Harrison, Rob and Freedman, Michael J and
  Monsanto, Christopher and Rexford, Jennifer and Story, Alec
  and Walker, David},
  booktitle = {ACM Sigplan Notices},
  volume  = {46},
  pages   = {279--291},
  year    = {2011},
  organization  = {ACM}
}
@InProceedings{   dixit2013towards,
  title   = {Towards an elastic distributed {SDN} controller},
  author  = {Dixit, Advait and Hao, Fang and Mukherjee, Sarit and Lakshman, TV and Kompella, Ramana},
  booktitle = {ACM SIGCOMM Computer Communication Review},
  volume  = {43},
  pages   = {7--12},
  year    = {2013},
  organization  = {ACM}
}


@Article{   yao2014capacitated,
  title   = {On the capacitated controller placement problem in software defined networks},
  author  = {Yao, Guang and Bi, Jun and Li, Yuliang and Guo, Luyi},
  journal = {IEEE Communications Letters},
  volume  = {18},
  number  = {8},
  pages   = {1339--1342},
  year    = {2014},
  publisher = {IEEE}
}
@InProceedings{   phemius2014disco,
  title   = {{Disco:} Distributed multi-domain {SDN} controllers},
  author  = {Phemius, K{\'e}vin and Bouet, Mathieu and Leguay, J{\'e}r{\'e}mie},
  booktitle = {Proc. of 2014 IEEE Network Operations and Management Symposium (NOMS)},
  pages   = {1--4},
  year    = {2014},
  organization  = {IEEE}
}
@Article{   fei2014,
  author  = { Hu, Fei and Hao, Qi and Bao, Ke },
  journal = {IEEE Communications Surveys Tutorials},
  title   = {A Survey on Software-Defined Network and {OpenFlow}: From Concept to Implementation},
  year    = {2014},
  volume  = {16},
  number  = {4},
  pages   = {2181-2206}
}
@Article{   dijkstra1974self,
  title   = {Self-stabilizing systems in spite of distributed control},
  author  = {Dijkstra, Edsger W},
  journal = {Communications of the ACM},
  volume  = {17},
  number  = {11},
  pages   = {643--644},
  year    = {1974},
  publisher = {ACM}
}
@Article{   turau2007linear,
  title   = {Linear self-stabilizing algorithms for the independent and
  dominating set problems using an unfair distributed
  scheduler},
  author  = {Turau, Volker},
  journal = {Information Processing Letters},
  volume  = {103},
  number  = {3},
  pages   = {88--93},
  year    = {2007},
  publisher = {Elsevier}
}
@Article{   gradinariu2000self,
  title   = {Self-stabilizing vertex coloring of arbitrary graphs},
  author  = {Gradinariu, Maria and Tixeuil, S{\'e}bastien and others},
  journal = {Proceedings of OPODIS 2000},
  pages   = {55--70},
  year    = {2000}
}
@Article{   hock2014poco,
  title   = {POCO-PLC: Enabling Dynamic Pareto-Optimal Resilient Controller Placement in SDN Networks},
  author  = {Hock, David and Hartmann, Matthias and Gebert, Steffen and Zinner, Thomas and Tran-Gia, Phuoc},
  journal = {Proceedings of the 33rd INFOCOM, 2014},
  year    = {2014}
}
@Misc{      ns3,
  key   = {ns3},
  title   = {Ns-3.22 - Nsnam},
  howpublished  = {\url{https://www.nsnam.org/wiki/Ns-3.22}}
}
@Misc{      asdataset,
  key   = {asdataset},
  title   = {SNAP Autonomous systems {AS}-733 data set},
  howpublished  = {\url{http://snap.stanford.edu/data/as.html}} 
}
@Misc{      oregondataset,
  key   = {oregondataset},
  title   = {SNAP Autonomous systems - Oregon-1 data set},
  howpublished  = {\url{http://snap.stanford.edu/data/oregon1.html}}
}
@InProceedings{   mininet,
  author  = {Lantz, Bob and Heller, Brandon and McKeown, Nick},
  title   = {A Network in a Laptop: Rapid Prototyping for Software-defined Networks},
  booktitle = {Proceedings of the 9th ACM SIGCOMM Workshop on Hotnets,2010},
  year    = {2010},
  pages   = {19:1--19:6},
  publisher = {ACM}
}


@Misc{      ovsdb,
  key   = {ovsdb},
  title   = {{Open vSwitch database server}},
  howpublished  = {\url{http://openvswitch.org/support/dist-docs/ovsdb-server.1.txt}}
}
@InProceedings{   ballani2007conman,
  title   = {CONMan: a step towards network manageability},
  author  = {Ballani, Hitesh and Francis, Paul},
  booktitle = {ACM SIGCOMM Computer Communication Review},
  volume  = {37},
  pages   = {205--216},
  year    = {2007},
  organization  = {ACM}
}
@InProceedings{   Chen:2007:TAN:1321753.1321757,
  author  = {Chen, Xu and Mao, Z. Morley and van der Merwe, Jacobus},
  title   = {Towards Automated Network Management: Network Operations Using Dynamic Views},
  booktitle = {Proc. of the 2007 SIGCOMM Workshop on Internet Network Management},
  year    = {2007},
  pages   = {242--247},
  publisher = {ACM}
}
@Article{   bierman2014restconf,
  title   = {{RESTCONF} protocol},
  author  = {Bierman, Andy and Bjorklund, Martin and Watsen, Kent and Fernando, Rex},
  journal = {IETF draft, work in progress},
  year    = {2014}
}
@InProceedings{   casado2006sane,
  author  = {Casado, Martin and Garfinkel, Tal and Akella, Aditya and
      Freedman, Michael J and Boneh, Dan and McKeown, Nick and
      Shenker, Scott},
  title   = {SANE: A Protection Architecture for Enterprise Networks},
  booktitle = {Usenix Security},
  publisher = {{USENIX} Association},
  year    = {2006},
  }
@InProceedings{   casado2007ethane,
  title   = {Ethane: Taking control of the enterprise},
  author  = {Casado, Martin and Freedman, Michael J and Pettit, Justin and Luo, Jianying and McKeown, Nick and Shenker, Scott},
  booktitle = {ACM SIGCOMM Computer Communication Review},
  volume  = {37},
  pages   = {1--12},
  year    = {2007},
  organization  = {ACM}
}
@InProceedings{   desai2010clf,
  author  = {Desai, Maulik and Nandagopal, Thyagarajan},
  title   = {Coping with Link Failures in Centralized Control Plane Architectures},
  booktitle = {Proceedings of the 2nd COMSNET, 2010},
  year    = {2010},
  pages   = {79--88},
  publisher = {IEEE Press}
}
@Article{   mysore2009psf,
  author  = {Niranjan Mysore, Radhika and Pamboris, Andreas and
  Farrington, Nathan and Huang, Nelson and Miri, Pardis and
  Radhakrishnan, Sivasankar and Subramanya, Vikram and
  Vahdat, Amin},
  title   = {PortLand: A Scalable Fault-tolerant Layer 2 Data Center Network Fabric},
  journal = {ACM SIGCOMM Computer Communication Review},
  month={Oct},
  volume  = {39},
  number  = {4},
  year    = {2009},
  pages   = {39--50},
  publisher = {ACM}
}
@InProceedings{   levin2012logically,
  title   = {Logically centralized?: state distribution trade-offs in software defined networks},
  author  = {Levin, Dan and Wundsam, Andreas and Heller, Brandon and Handigol, Nikhil and Feldmann, Anja},
  booktitle = {Proceedings of the 1st HotSDN,2012},
  pages   = {1--6},
  year    = {2012},
  organization  = {ACM}
}
@Article{   yeganeh2013scalability,
  title   = {On scalability of software-defined networking},
  author  = {Yeganeh, Soheil Hassas and Tootoonchian, Amin and Ganjali, Yashar},
  journal = {IEEE Communications Magazine,},
  volume  = {51},
  number  = {2},
  pages   = {136--141},
  year    = {2013},
  publisher = {IEEE}
}


@Article{   dasilva2015189,
  title   = {Resilience support in software-defined networking: A survey },
  journal = {Computer Networks },
  volume  = {92, Part 1},
  number  = {},
  pages   = {189 - 207},
  year    = {2015},
  author  = {da Silva, Anderson Santos  and Smith, Paul and Mauthe, Andreas and Schaeffer-Filho, Alberto }
}
@InProceedings{   7218384,
  author  = { Wu, Di and Dmitri I. Arkhipov and Asmare, Eskindir and  Qin, Zhijing and  McCann, Julie A. },
  title   = {{UbiFlow:} Mobility management in urban-scale software defined IoT},
  booktitle = {2015 IEEE Conference on Computer Communications (INFOCOM)},
  publisher = {IEEE},
  year    = {2015},
  pages   = {208-216},
	}
@Article{   ul2017large,
  title   = {Large-scale dynamic controller placement},
  author  = {ul Huque, Md Tanvir  and Si, Weisheng and Jourjon, Guillaume and Gramoli, Vincent},
  journal = {IEEE Tran. on Network and Service Management},
  pages   = {63--76},
  year    = {2017},
  publisher = {IEEE}
}
@InProceedings{   ma2017efficient,
  title   = {Efficient service handoff across edge servers via docker container migration},
  author  = {Ma, Lele and Yi, Shanhe and Li, Qun},
  booktitle = {Proc. of the 2nd ACM/IEEE SEC},
  pages   = {11},
  year    = {2017}
}
@InProceedings{   santos2014decentralizing,
  title   = {Decentralizing {SDN}'s control plane},
  author  = {Santos, Mateus AS and Nunes, Bruno AA and Obraczka, Katia
  and Turletti, Thierry and De Oliveira, Bruno T and Margi,
  Cintia B},
  booktitle = {Proc. of 39th IEEE Conference on Local Computer Networks (LCN)},
  pages   = {402--405},
  year    = {2014},
  organization  = {IEEE}
}
@InProceedings{   Tootoonchian:2010:HDC:1863133.1863136,
  author  = {Tootoonchian, Amin and Ganjali, Yashar},
  title   = {{HyperFlow:} A Distributed Control Plane for {OpenFlow}},
  booktitle = {Proc. of the 2010 Internet Network Management Workshop/Workshop on Research on Enterprise Networking},
  year    = {2010},
  pages   = {3--3},
  numpages  = {1},
  publisher = {USENIX Association},
  address = {Berkeley, CA, USA}
}
@InProceedings{   8485963,
  author  = { Qin, Qiaofeng and Poularakis, Konstantinos and Iosifidis, George and Tassiulas, Leandros},
  title   = {SDN Controller Placement at the Edge: Optimizing Delay and Overheads},
  booktitle = {Proceedings of the 38th International Conference on Computer Communications (INFOCOM)},
  year    = {2018},
  pages   = {684-692},
}
@InProceedings{   8416295,
  author  = { Canini, Marco and Salem, Iosif and Schiff, Liron  and Schiller, Elad Michael and Schmid, Stefan},
  title   = {Renaissance: A Self-Stabilizing Distributed SDN Control Plane},
  booktitle = {Proc. of the 38th IEEE International Conference on Distributed Computing Systems (ICDCS)},
  publisher = {IEEE},
  year    = {2018},
  pages   = {233-243},
 }


@Article{   8468174,
  author  = { {Görkemli}, Burak and {Tatlıcıoğlu}, Sinan and Tekalp, A. Murat  and Civanlar, Seyhan  and Lokman, Erhan },
  title   = {Dynamic Control Plane for SDN at Scale},
  journal = {IEEE Journal on Selected Areas in Communications},
  publisher = {IEEE},
  year    = {2018},
  volume  = {36},
  number  = {12},
  pages   = {2688-2701},
 }
@InProceedings{   curtis2011devoflow,
  title   = {{DevoFlow:} Scaling flow management for high-performance networks},
  author  = {Curtis, Andrew R and Mogul, Jeffrey C and Tourrilhes, Jean
  and Yalagandula, Praveen and Sharma, Puneet and Banerjee,
  Sujata},
  booktitle = {ACM SIGCOMM Computer Communication Review},
  volume  = {41},
  pages   = {254--265},
  year    = {2011},
}
@InProceedings{   panda2017scl,
  title   = {{SCL}: simplifying distributed {SDN} control planes},
  author  = {Panda, Aurojit and Zheng, Wenting and Hu, Xiaohe and Krishnamurthy, Arvind and Shenker, Scott},
  booktitle = {Proceedings of the 14th USENIX Conference on NSDI},
  pages   = {329--345},
  year    = {2017},
  organization  = {USENIX Association}
}
@Misc{      multisitetopo,
  title   = {{Cisco ACI Multi-POD and Multi-Site Demystified}},
  author  = {Cisco},
  year    = {2019},
  month   = {May},
}
@Misc{      rocketfuel,
  title   = {{UW CSE {$\vert$} Systems Research {$\vert$} Rocketfuel}},
  year    = {2005},
  month   = {May},
}
@Misc{      opendaylight,
  title   = {{OpenDaylight}},
  howpublished  = {\url{http://www.opendaylight.org/}}
}
@Misc{      ryu,
  title   = {{Ryu 4.30 documentation}},
  author  = {ryu},
  year    = {2019},
  month   = {May},
  url   = {https://ryu.readthedocs.io/en/latest/}
}
@Article{   8480861,
  author  = { Kohler, Thomas and {Dürr}, Frank and Rothermel, Kurt},
  title   = {{ZeroSDN:} A Highly Flexible and Modular Architecture for Full-Range Distribution of Event-Based Network Control},
  journal = {IEEE Transactions on Network and Service Management},
  publisher = {IEEE},
  year    = {2018},
  volume  = {15},
  number  = {4},
  pages   = {1207-1221},
 }

@Article{   wilcoxon,
  author  = {Frank Wilcoxon},
  journal = {Biometrics Bulletin},
  pages   = {80--83},
  publisher = {[International Biometric Society, Wiley]},
  title   = {Individual Comparisons by Ranking Methods},
  year    = {1945}
}
@Misc{      stress-ng,
  title   = {{stress-ng - a tool to load and stress a computer system}},
  author  = {stress-ng},
  year    = {2018},
  month   = {Jun},
}
@Book{      makridakis2008forecasting,
  title   = {Forecasting methods and applications},
  author  = {Makridakis, Spyros and Wheelwright, Steven C and Hyndman, Rob J},
  year    = {2008},
  publisher = {John wiley \& sons}
}


@Article{   de200625,
  title   = {25 years of time series forecasting},
  author  = {De Gooijer, Jan G and Hyndman, Rob J},
  journal = {International Journal of Forecasting},
  volume  = {3},
  number  = {22},
  pages   = {443--473},
  year    = {2006}
}
@Article{   Bhamare:2016:SSF:3043113.3062415,
  author  = {Bhamare, Deval and Jain, Raj and Samaka, Mohammed and Erbad, Aiman},
  title   = {A Survey on Service Function Chaining},
  journal = {Journal of Network and Computer Applications},
  volume  = {75},
  number  = {C},
  month   = {Nov},
  year    = {2016},
  pages   = {138--155},
}
@InProceedings{   7114738,
  author  = {Mohammadkhan, Ali and Ghapani, Sheida and Liu, Guyue and
      Zhang, Wei and Ramakrishnan, K. K. and Wood, Timothy},
  title   = {Virtual function placement and traffic steering in flexible and dynamic software defined networks},
  booktitle = {The 21st IEEE International Workshop on {LAN/MAN}}, 
  publisher = {IEEE},
  year    = {2015},
  pages   = {1-6},
	}
@InProceedings{   Qazi:2016:KMD:2890955.2890961,
	author  = {Qazi, Zafar Ayyub and Penumarthi, Phani Krishna and Sekar,
	Vyas and Gopalakrishnan, Vijay and Joshi, Kaustubh and Das,
	Samir R.},
	title   = {{KLEIN}: A Minimally Disruptive Design for an Elastic Cellular Core},
	booktitle = {2nd Proceedings of {SOSR}},
	year    = {2016},
	articleno = {2},
	publisher = {ACM},
	address = {NY, USA}
	}
@InProceedings{   179779,
  author  = {Fayazbakhsh, Seyed Kaveh  and Chiang, Luis and Sekar, Vyas and
      Yu, Minlan and Mogul, Jeffrey C. },
  title   = {Enforcing Network-Wide Policies in the Presence of Dynamic
  Middlebox Actions using FlowTags},
  booktitle = {11th {USENIX} Symposium on {NSDI}},
  publisher = {{USENIX} Association},
  year    = {2014},
  pages   = {543--546},
  address={Seattle, WA},
}
@Article{   sun2018service,
  author  = {Sun, Gang and Li, Yayu and Liao, Dan and Chang, Victor},
  journal = {IEEE Transactions on Network and Service Management},
  title   = {Service Function Chain Orchestration Across Multiple Domains: A Full Mesh Aggregation Approach},
  year    = {2018},
  volume  = {15},
  number  = {3},
  pages   = {1175-1191},
  month   = {Sep}
}
@InProceedings{   8816831,
  author  = {Wion, Adrien  ; Bouet, Mathieu and Iannone, Luigi and Conan, Vania },
  booktitle = {18th IFIP Networking Conference},
  title   = {Let there be Chaining: How to Augment your IGP to Chain your Services},
  year    = {2019},
  pages   = {1-9},
  month   = {May}
}
@Article{   DBLP:journals/corr/abs-1305-0209,
  author  = {Aaron Gember and Anand Krishnamurthy and Saul St. John and
  Robert Grandl and Xiaoyang Gao and Ashok Anand and
  Theophilus Benson and Aditya Akella and Vyas Sekar},
  title   = {Stratos: {A} Network-Aware Orchestration Layer for Middleboxes in the Cloud},
  journal = {arXiv CoRR},
  volume  = {abs/1305.0209},
  year    = {2013}
}
@Misc{      nsh,
  title   = {RFC 8300 - Network Service Header {(NSH)}},
  year    = {2019},
  month   = {Sept},
  author  = {IETF},
}
@InProceedings{   Zave:2017:DSC:3098822.3098827,
  author  = {Zave, Pamela and Ferreira, Ronaldo A. and Zou, Xuan Kelvin and Morimoto, Masaharu and Rexford, Jennifer},
  title   = {Dynamic Service Chaining with Dysco},
  booktitle = {30th Proceedings of the {ACM SIGCOMM}},
  year    = {2017},
  pages   = {57--70},
  publisher = {ACM}
}


@InProceedings{   211243,
  author  = {Dalton, Michael and Schultz, David and Adriaens, Jacob and
      Arefin, Ahsan and Gupta, Anshuman and Fahs, Brian and
      Rubinstein, Dima and Zermeno, Enrique Cauich and Erik Rubow
      and Docauer, James Alexander and Alpert, Jesse and Ai, Jing
      and Olson, Jon and DeCabooter, Kevin and Kruijf, Marc de
      and Hua, Nan and Lewis, Nathan and Kasinadhuni, Nikhil and
      Crepaldi, Riccardo and Krishnan, Srinivas and Venkata,
      Subbaiah and Richter, Yossi and Naik, Uday and Vahdat,
      Amin},
  title   = {Andromeda: Performance, Isolation, and Velocity at Scale in Cloud Network Virtualization},
  booktitle = {15th {USENIX} Symposium on {NSDI}},
  publisher= {{USENIX} Association},
  year    = {2018},
  pages   = {373--387},
  month={Apr},
  address={Renton, WA},
}
@Article{   gember2015opennf,
  title   = {{OpenNF}: Enabling innovation in network function control},
  author  = {Gember-Jacobson, Aaron and Viswanathan, Raajay and
  Prakash, Chaithan and Grandl, Robert and Khalid, Junaid and
  Das, Sourav and Akella, Aditya},
  journal = {ACM SIGCOMM Computer Communication Review},
  volume  = {44},
  number  = {4},
  pages   = {163--174},
  year    = {2015},
  publisher = {ACM}
}
240
@InProceedings{   211293,
  author  = {Woo, Shinae and Sherry, Justine and Han, Sangjin and Moon, Sue and Ratnasamy, Sylvia and Shenker, Scott},
  title   = {Elastic Scaling of Stateful Network Functions},
  booktitle = {15th {USENIX} Symposium on {NSDI}}, 
  publisher = {{USENIX} Association},
  year    = {2018},
  pages   = {299--312},
  month = {Apr},
  address={Renton, WA},
}
@Article{   8058439,
  author  = { Ghaznavi, Milad and Shahriar, Nashid and Kamali, Shahin and Ahmed, Reaz and Boutaba, Raouf},
  title   = {Distributed Service Function Chaining},
  journal = {IEEE Journal on Selected Areas in Communications},
  publisher = {IEEE},
  year    = {2017},
  volume  = {35},
  number  = {11},
  pages   = {2479-2489},
 }

@Article{   8277175,
  author  = { Wang, Junxiao and Qi, Heng and Li, Keqiu and Zhou, Xiaobo},
  title   = {{PRSFC-IoT}: A Performance and Resource Aware Orchestration System of Service Function Chaining for Internet of Things},
  journal = {IEEE Internet of Things Journal},
  publisher = {IEEE},
  year    = {2018},
  volume  = {5},
  number  = {3},
  pages   = {1400-1410},
  month= {June},
 }
@Article{   8247219,
  author  = { Yang, Binxu and Chai, Wei Koong and Xu, Zichuan and Konstantinos, V. Katsaros and Pavlou, George  },
  title   = {Cost-Efficient NFV-Enabled Mobile Edge-Cloud for Low Latency Mobile Applications},
  journal = {IEEE Transactions on Network and Service Management},
  publisher ={IEEE},
  year    = {2018},
  volume  = {15},
  number  = {1},
  pages   = {475-488},
  month= {March},
 }

@Article{   8502709,
  author  = {Xu, Zichuan and Liang, Weifa and Jia, Mike and Huang, Meitian and Mao, Guoqiang },
  journal = {IEEE Transactions on Mobile Computing},
  title   = {Task Offloading with Network Function Requirements in a Mobile Edge-Cloud Network},
  year    = {2019},
  volume  = {18},
  number  = {11},
  pages   = {2672-2685},
  month   = {Nov}
}

@Article{   6560419,
  author  = { Shafiq, M. Zubair and Ji, Lusheng and Liu, Alex X. and Pang, Jeffrey and Wang, Jia},
  journal = {IEEE/ACM Transactions on Networking},
  title   = {Large-Scale Measurement and Characterization of Cellular Machine-to-Machine Traffic},
  year    = {2013},
  volume  = {21},
  number  = {6},
  pages   = {1960-1973},
  month   = {Dec}
}
@Misc{      kubernates,
  title   = {Production-Grade Container Orchestration -Kubernates},
  year    = {2019},
  month   = {Sept},
  author  = {Kubernates},
}
@Misc{      etsizerotouch,
  title   = {ETSI - ZSM - Zero touch network and service management},
  year    = {2019},
  month   = {Sept},
  author  = {ETSI},
}
@Misc{      docker-py,
  title   = {Docker SDK for Python},
  year    = {2019},
  month   = {Sept},
  author  = {Docker Inc.},
}

@inproceedings{10.1145/3341302.3342075,
author = {McCauley, James and Harchol, Yotam and Panda, Aurojit and Raghavan, Barath and Shenker, Scott},
title = {Enabling a Permanent Revolution in Internet Architecture},
year = {2019},
publisher = {Association for Computing Machinery},
address = {New York, NY, USA},
booktitle = {Proceedings of the ACM Special Interest Group on Data Communication},
pages = {1?14},
numpages = {14},
location = {Beijing, China},
series = {SIGCOMM ?19}
}

  

