@article{Guellati2010406,
title = {A survey on self-stabilizing algorithms for independence, domination, coloring, and matching in graphs },
journal = {Journal of Parallel and Distributed Computing },
volume = {70},
number = {4},
pages = {406--415},
year = {2010},
author = {Nabil Guellati and Hamamache Kheddouci},
}

@article{dijkstra1974self,
  title={Self-stabilizing systems in spite of distributed control},
  author={Dijkstra, Edsger W},
  journal={Communications of the ACM},
  volume={17},
  number={11},
  pages={643--644},
  year={1974},
  publisher={ACM}
}

@article{DBLP:journals/ijfcs/AlzoubiWF03,
  author    = {Khaled M. Alzoubi and
               Peng-Jun Wan and
               Ophir Frieder},
  title     = {Maximal Independent Set, Weakly-Connected Dominating Set,
               and Induced Spanners in Wireless Ad Hoc Networks},
  journal   = {Int. J. Found. Comput. Sci.},
  volume    = {14},
  number    = {2},
  year      = {2003},
  pages     = {287-303}
}

@article{shi2004anonymous,
  title={An anonymous self-stabilizing algorithm for 1-maximal independent set in trees},
  author={Shi, Zhengnan and Goddard, Wayne and Hedetniemi, Stephen T},
  journal={Information Processing Letters},
  volume={91},
  number={2},
  pages={77--83},
  year={2004},
  publisher={Elsevier}
}


@article{gradinariu2000self,
  title={Self-stabilizing vertex coloring of arbitrary graphs},
  author={Gradinariu, Maria and Tixeuil, S{\'e}bastien and others},
  journal={Proceedings of OPODIS 2000},
  pages={55--70},
  year={2000}
}

@article{turau2007linear,
  title={Linear self-stabilizing algorithms for the independent and dominating set problems using an unfair distributed scheduler},
  author={Turau, Volker},
  journal={Information Processing Letters},
  volume={103},
  number={3},
  pages={88--93},
  year={2007},
  publisher={Elsevier}
}

@incollection{gradinariu2001self,
  title={Self-stabilizing neighborhood unique naming under unfair scheduler},
  author={Gradinariu, Maria and Johnen, Colette},
  booktitle={Euro-Par 2001 Parallel Processing},
  pages={458--465},
  year={2001},
  publisher={Springer}
}



@INPROCEEDINGS{Ghosh95self-stabilizingdynamic,
    author = {Sukumar Ghosh and Arobinda Gupta and Mehmet Hakan and Karaata Sriram and V. Pemmaraju},
    title = {Self-Stabilizing Dynamic Programming Algorithms on Trees},
    booktitle = {in Proceedings of the Second Workshop on Self-Stabilizing Systems},
    year = {1995},
    pages = {11--1}
}

@inproceedings{ikeda2002space,
  title={A space-optimal self-stabilizing algorithm for the maximal independent set problem},
  author={Ikeda, Michiyo and Kamei, Sayaka and Kakugawa, Hirotsugu},
  booktitle={Proc. of PDCAT},
  pages={70--74},
  year={2002}
}

@inproceedings{shukla1995observations,
  title={Observations on self-stabilizing graph algorithms for anonymous networks},
  author={Shukla, Sandeep K and Rosenkrantz, Daniel J and Ravi, SS },
  booktitle={Proceedings of the second workshop on self-stabilizing systems},
  pages={7--1},
  year={1995}
}

@inproceedings{goddard2003self,
  title={Self-stabilizing protocols for maximal matching and maximal independent sets for ad hoc networks},
  author={Goddard, Wayne and Hedetniemi, Stephen T and Jacobs, David P and Srimani, Pradip K},
  booktitle={Proceedings of International Parallel and Distributed Processing Symposium 2003},
  pages={14--pp},
  year={2003},
  organization={IEEE}
}
