
@InProceedings{	  shukla1995observations,
  title		= {Observations on self-stabilizing graph algorithms for
		  anonymous networks},
  author	= {Shukla, Sandeep K and Rosenkrantz, Daniel J and Ravi, SS
		  },
  booktitle	= {Proceedings of the second workshop on self-stabilizing
		  systems},
  pages		= {7--1},
  year		= {1995}
}

@Article{	  turau2007linear,
  title		= {Linear self-stabilizing algorithms for the independent and
		  dominating set problems using an unfair distributed
		  scheduler},
  author	= {Turau, Volker},
  journal	= {Information Processing Letters},
  volume	= {103},
  number	= {3},
  pages		= {88--93},
  year		= {2007},
  publisher	= {Elsevier}
}

@Article{	  shi2004anonymous,
  title		= {An anonymous self-stabilizing algorithm for 1-maximal
		  independent set in trees},
  author	= {Shi, Zhengnan and Goddard, Wayne and Hedetniemi, Stephen
		  T},
  journal	= {Information Processing Letters},
  volume	= {91},
  number	= {2},
  pages		= {77--83},
  year		= {2004},
  publisher	= {Elsevier}
}

@InCollection{	  gradinariu2001self,
  title		= {Self-stabilizing neighborhood unique naming under unfair
		  scheduler},
  author	= {Gradinariu, Maria and Johnen, Colette},
  booktitle	= {Euro-Par 2001 Parallel Processing},
  pages		= {458--465},
  year		= {2001},
  publisher	= {Springer}
}

@Article{	  guellati2010406,
  title		= {A survey on self-stabilizing algorithms for independence,
		  domination, coloring, and matching in graphs },
  journal	= {Journal of Parallel and Distributed Computing },
  volume	= {70},
  number	= {4},
  pages		= {406--415},
  year		= {2010},
  author	= {Nabil Guellati and Hamamache Kheddouci}
}

@Article{	  6821738,
  author	= {Xu Xiaodong and Zhang Huixin and Dai Xun and Hou Yanzhao
		  and Tao Xiaofeng and Zhang Ping},
  title		= {SDN based next generation Mobile Network with Service
		  Slicing and trials},
  journal	= {Communications, China},
  year		= {2014},
  volume	= {11},
  number	= {2},
  pages		= {65-77}
}

@InProceedings{	  ali2013crowd,
  title		= {CROWD: An SDN Approach for DenseNets},
  author	= {Ali-Ahmad, Hassan and Cicconetti, Claudio and De la Oliva,
		  Antonio and Draxler, Martin and Gupta, Rohit and Mancuso,
		  Vincenzo and Roullet, Laurent and Sciancalepore, Vincenzo},
  booktitle	= {Proceedings of the 2nd EWSDN, 2013},
  pages		= {25--31},
  year		= {2013},
  organization	= {IEEE}
}

@Book{		  alon2004probabilistic,
  title		= {The probabilistic method},
  author	= {Alon, Noga and Spencer, Joel H},
  year		= {2004},
  publisher	= {John Wiley \& Sons}
}

@Book{		  anderson2013nebula,
  title		= {The nebula future internet architecture},
  author	= {Anderson, Tom and Birman, Ken and Broberg, Robert and
		  Caesar, Matthew and Comer, Douglas and Cotton, Chase and
		  Freedman, Michael J and Haeberlen, Andreas and Ives,
		  Zachary G and Krishnamurthy, Arvind and others},
  year		= {2013},
  publisher	= {Springer}
}

@InProceedings{	  ascigil2014scalability,
  title		= {On the scalability of interdomain path computations},
  author	= {Ascigil, Onur and Calvert, Kenneth L and Griffioen, James
		  N},
  booktitle	= {Proceedings of the 13th IFIP Networking, 2014},
  pages		= {1--9},
  year		= {2014},
  organization	= {IEEE}
}

@Misc{		  asdataset,
  title		= {SNAP Autonomous systems {AS}-733 data set},
  howpublished	= {\url{http://snap.stanford.edu/data/as.html}}
}

@InProceedings{	  bansal2012openradio,
  title		= {Openradio: a programmable wireless dataplane},
  author	= {Bansal, Manu and Mehlman, Jeffrey and Katti, Sachin and
		  Levis, Philip},
  booktitle	= {Proceedings of the 1st HotSDN, 2012},
  pages		= {109--114},
  year		= {2012},
  organization	= {ACM}
}

@InProceedings{	  berde2014onos,
  title		= {ONOS: towards an open, distributed SDN OS},
  author	= {Berde, Pankaj and Gerola, Matteo and Hart, Jonathan and
		  Higuchi, Yuta and Kobayashi, Masayoshi and Koide, Toshio
		  and Lantz, Bob and O'Connor, Brian and Radoslavov, Pavlin
		  and Snow, William and others},
  booktitle	= {Proceedings of the 3rd HotSDN, 2014},
  pages		= {1--6},
  year		= {2014},
  organization	= {ACM}
}

@InProceedings{	  brito2014openwimesh,
  title		= {OpenWiMesh: A Framework for Software Defined Wireless Mesh
		  Networks},
  author	= {Brito, Italo and Gramacho, Sergio and Ferreira, Ibirisol
		  and Nazare, Marcelo and Sampaio, Leobino and Figueiredo,
		  Gustavo B},
  booktitle	= {Symposium of the SBRC, 2014},
  pages		= {199--206},
  year		= {2014},
  organization	= {IEEE}
}

@InProceedings{	  caesar2005design,
  title		= {Design and implementation of a routing control platform},
  author	= {Caesar, Matthew and Caldwell, Donald and Feamster, Nick
		  and Rexford, Jennifer and Shaikh, Aman and van der Merwe,
		  Jacobus},
  booktitle	= {Proceedings of the 2nd conference on Symposium on
		  Networked Systems Design \& Implementation-Volume 2},
  pages		= {15--28},
  year		= {2005},
  organization	= {USENIX Association}
}

@InProceedings{	  chau2013wireless,
  author	= {Chaudet, C. and Haddad, Y.},
  title		= {Wireless Software Defined Networks:Challenges and
		  opportunities},
  booktitle	= {Proceedings of the COMCAS, 2013},
  year		= {2013},
  pages		= {1-5}
}

@Article{	  chung2013experiences,
  title		= {Experiences and Challenges in Deploying OpenFlow over Real
		  Wireless Mesh Networks},
  author	= {Chung, Joaquin and Gonzalez, Grace and Armuelles, Ivan and
		  Robles, Tomas and Alcarria, Ramon and Morales, Augusto},
  journal	= {Latin America Transactions, IEEE (Revista IEEE America
		  Latina)},
  volume	= {11},
  number	= {3},
  pages		= {955--961},
  year		= {2013},
  publisher	= {IEEE}
}

@TechReport{	  ciscoglobalwhite,
  title		= {{Cisco Visual Networking Index: Forecast and Methodology,
		  2013–2018}},
  institution	= {Cisco},
  year		= {2014},
  opttype	= {Cisco White Paper},
  optmonth	= {Feb}
}

@TechReport{	  ciscomobilewhite,
  title		= {Cisco Visual Networking Index: Global Mobile Data Traffic
		  Forecast Update, 2013–2018},
  institution	= {Cisco},
  year		= {2014},
  opttype	= {Cisco White Paper},
  optmonth	= {Feb}
}

@Article{	  dblp:journals/ijfcs/alzoubiwf03,
  author	= {Khaled M. Alzoubi and Peng-Jun Wan and Ophir Frieder},
  title		= {Maximal Independent Set, Weakly-Connected Dominating Set,
		  and Induced Spanners in Wireless Ad Hoc Networks},
  journal	= {Int. J. Found. Comput. Sci.},
  volume	= {14},
  number	= {2},
  year		= {2003},
  pages		= {287-303}
}

@InProceedings{	  dely2011openflow,
  title		= {Openflow for wireless mesh networks},
  author	= {Dely, Peter and Kassler, Andreas and Bayer, Nico},
  booktitle	= {Proceedings of the 20th ICCCN, 2011},
  pages		= {1--6},
  year		= {2011},
  organization	= {IEEE}
}

@Article{	  dely2013software,
  title		= {A software-defined networking approach for handover
		  management with real-time video in WLANs},
  author	= {Dely, Peter and Kassler, Andreas and Chow, Lawrence and
		  Bambos, Nicholas and Bayer, Nico and Einsiedler, Hans and
		  Peylo, Christoph and Mellado, Daniel and Sanchez, Miguel},
  journal	= {Journal of Modern Transportation},
  volume	= {21},
  number	= {1},
  pages		= {58--65},
  year		= {2013},
  publisher	= {Springer}
}

@InProceedings{	  desai2010clf,
  author	= {Desai, Maulik and Nandagopal, Thyagarajan},
  title		= {Coping with Link Failures in Centralized Control Plane
		  Architectures},
  booktitle	= {Proceedings of the 2nd COMSNET, 2010},
  year		= {2010},
  pages		= {79--88},
  publisher	= {IEEE Press}
}

@InProceedings{	  detti2013wireless,
  title		= {Wireless Mesh Software Defined Networks (wmSDN)},
  author	= {Detti, Andrea and Pisa, Claudio and Salsano, Stefano and
		  Blefari-Melazzi, Nicola},
  booktitle	= {Proceedings of the 9th WiMob, 2013},
  pages		= {89--95},
  year		= {2013},
  organization	= {IEEE}
}

@Article{	  diego2014sdn,
  author	= {Diego Kreutz and Fernando M. V. Ramos and Paulo
		  Ver{\'{\i}}ssimo and Christian Esteve Rothenberg and Siamak
		  Azodolmolky and Steve Uhlig},
  title		= {{Software-Defined Networking:} {A} Comprehensive Survey},
  journal	= {CoRR},
  volume	= {abs/1406.0440},
  year		= {2014}
}

@Article{	  dijkstra1974self,
  title		= {Self-stabilizing systems in spite of distributed control},
  author	= {Dijkstra, Edsger W},
  journal	= {Communications of the ACM},
  volume	= {17},
  number	= {11},
  pages		= {643--644},
  year		= {1974},
  publisher	= {ACM}
}

@InProceedings{	  dixit2014elasticon,
  title		= {ElastiCon: an elastic distributed sdn controller},
  author	= {Dixit, Advait and Hao, Fang and Mukherjee, Sarit and
		  Lakshman, TV and Kompella, Ramana Rao},
  booktitle	= {Proceedings of the 10th ANCS , 2014},
  pages		= {17--28},
  year		= {2014},
  organization	= {ACM}
}

@Article{	  feamster2013sdx,
  title		= {SDX: A software-defined internet exchange},
  author	= {Feamster, Nick and Rexford, Jennifer and Shenker, Scott
		  and Clark, Russ and Hutchins, Ron and Levin, Dave and
		  Bailey, Josh},
  journal	= {Proceedings of the ONS, 2013},
  year		= {2013}
}

@Article{	  feamster2014road,
  title		= {The road to SDN: an intellectual history of programmable
		  networks},
  author	= {Feamster, Nick and Rexford, Jennifer and Zegura, Ellen},
  journal	= {ACM SIGCOMM Computer Communication Review},
  volume	= {44},
  number	= {2},
  pages		= {87--98},
  year		= {2014},
  publisher	= {ACM}
}

@Article{	  fei2014,
  author	= {Fei Hu and Qi Hao and Ke Bao},
  journal	= {Communications Surveys Tutorials, IEEE},
  title		= {A Survey on Software-Defined Network and OpenFlow: From
		  Concept to Implementation},
  year		= {2014},
  month		= {Fourthquarter},
  volume	= {16},
  number	= {4},
  pages		= {2181-2206}
}

@Article{	  foster2013languages,
  title		= {Languages for software-defined networks},
  author	= {Foster, Nate and Guha, Arjun and Reitblatt, Mark and
		  Story, Alec and Freedman, Michael J and Katta, Naga Praveen
		  and Monsanto, Christopher and Reich, Joshua and Rexford,
		  Jennifer and Schlesinger, Cole and others},
  journal	= {Communications Magazine, IEEE},
  volume	= {51},
  number	= {2},
  pages		= {128--134},
  year		= {2013},
  publisher	= {IEEE}
}

@InProceedings{	  ghosh95self-stabilizingdynamic,
  author	= {Sukumar Ghosh and Arobinda Gupta and Mehmet Hakan and
		  Karaata Sriram and V. Pemmaraju},
  title		= {Self-Stabilizing Dynamic Programming Algorithms on Trees},
  booktitle	= {in Proceedings of the Second Workshop on Self-Stabilizing
		  Systems},
  year		= {1995},
  pages		= {11--1}
}

@InProceedings{	  goddard2003self,
  title		= {Self-stabilizing protocols for maximal matching and
		  maximal independent sets for ad hoc networks},
  author	= {Goddard, Wayne and Hedetniemi, Stephen T and Jacobs, David
		  P and Srimani, Pradip K},
  booktitle	= {Proceedings of International Parallel and Distributed
		  Processing Symposium 2003},
  pages		= {14--pp},
  year		= {2003},
  organization	= {IEEE}
}

@Article{	  gradinariu2000self,
  title		= {Self-stabilizing vertex coloring of arbitrary graphs},
  author	= {Gradinariu, Maria and Tixeuil, S{\'e}bastien and others},
  journal	= {Proceedings of OPODIS 2000},
  pages		= {55--70},
  year		= {2000}
}

@Article{	  gude2008nox,
  title		= {NOX: towards an operating system for networks},
  author	= {Gude, Natasha and Koponen, Teemu and Pettit, Justin and
		  Pfaff, Ben and Casado, Mart{\'\i}n and McKeown, Nick and
		  Shenker, Scott},
  journal	= {ACM SIGCOMM Computer Communication Review},
  volume	= {38},
  number	= {3},
  pages		= {105--110},
  year		= {2008},
  publisher	= {ACM}
}

@InProceedings{	  gui2014enh,
  author	= {Guimaraes, C. and Corujo, D. and Aguiar, R.L.},
  booktitle	= {Proceedings of the ICC, 2014},
  title		= {Enhancing openflow with Media Independent Management
		  capabilities},
  year		= {2014},
  month		= {June},
  pages		= {2995-3000}
}

@InProceedings{	  guimaraes2013empowering,
  title		= {Empowering software defined wireless networks through
		  media independent handover management},
  author	= {Guimaraes, Carlos and Corujo, Daniel and Aguiar, Rui L and
		  Silva, Flavio and Frosi, Pedro},
  booktitle	= {Proceedings of the GLOBECOM, 2013},
  pages		= {2204--2209},
  year		= {2013},
  organization	= {IEEE}
}

@InProceedings{	  gutierrez2010ieee,
  title		= {An IEEE 802.11 MAC Software Defined Radio implementation
		  for experimental wireless communications and networking
		  research},
  author	= {Gutierrez-Agullo, Juan R and Coll-Perales, Baldomero and
		  Gozalvez, Javier},
  booktitle	= {Proceedings of the IFIP WD, 2010},
  pages		= {1--5},
  year		= {2010},
  organization	= {IEEE}
}

@InProceedings{	  heller2012controller,
  author	= {Heller, Brandon and Sherwood, Rob and McKeown, Nick},
  title		= {The Controller Placement Problem},
  booktitle	= {Proceedings of the 3rd HotSDN,2012},
  year		= {2012},
  pages		= {7--12},
  publisher	= {ACM}
}

@Article{	  hock2014poco,
  title		= {POCO-PLC: Enabling Dynamic Pareto-Optimal Resilient
		  Controller Placement in SDN Networks},
  author	= {Hock, David and Hartmann, Matthias and Gebert, Steffen and
		  Zinner, Thomas and Tran-Gia, Phuoc},
  journal	= {Proceedings of the 33rd INFOCOM, 2014},
  year		= {2014}
}

@InProceedings{	  ikeda2002space,
  title		= {A space-optimal self-stabilizing algorithm for the maximal
		  independent set problem},
  author	= {Ikeda, Michiyo and Kamei, Sayaka and Kakugawa, Hirotsugu},
  booktitle	= {Proc. of PDCAT},
  pages		= {70--74},
  year		= {2002}
}

@Misc{		  ipassonline,
  author	= {Cisco},
  title		= {VNI Forecast Highlights},
  howpublished	= {\url{http://www.cisco.com/web/solutions/sp/vni/vni_forecast_highlights/index.html}}
}

@InProceedings{	  jacobson2009networking,
  title		= {Networking named content},
  author	= {Jacobson, Van and Smetters, Diana K and Thornton, James D
		  and Plass, Michael F and Briggs, Nicholas H and Braynard,
		  Rebecca L},
  booktitle	= {Proceedings of the 5th CoNEXT},
  pages		= {1--12},
  year		= {2009},
  organization	= {ACM}
}

@InProceedings{	  jain2013b4,
  title		= {B4: Experience with a globally-deployed software defined
		  WAN},
  author	= {Jain, Sushant and Kumar, Alok and Mandal, Subhasree and
		  Ong, Joon and Poutievski, Leon and Singh, Arjun and
		  Venkata, Subbaiah and Wanderer, Jim and Zhou, Junlan and
		  Zhu, Min and others},
  booktitle	= {Proceedings of the SIGCOMM, 2013},
  pages		= {3--14},
  year		= {2013},
  organization	= {ACM}
}

@InProceedings{	  kim2012coronet,
  title		= {CORONET: Fault Tolerance for Software Defined Networks},
  author	= {Kim, Hyojoon and Santos, JR and Turner, Y and Schlansker,
		  M and Tourrilhes, J and Feamster, Nick},
  booktitle	= {Proceedings of the 20th ICNP, 2012},
  pages		= {1--2},
  year		= {2012},
  organization	= {IEEE}
}

@InProceedings{	  koponen2010odc,
  author	= {Koponen, Teemu and Casado, Martin and Gude, Natasha and
		  Stribling, Jeremy and Poutievski, Leon and Zhu, Min and
		  Ramanathan, Rajiv and Iwata, Yuichiro and Inoue, Hiroaki
		  and Hama, Takayuki and Shenker, Scott},
  title		= {Onix: A Distributed Control Platform for Large-scale
		  Production Networks},
  booktitle	= {Proceedings of the 9th USENIX Conference on OSDI, 2010},
  year		= {2010},
  pages		= {1--6},
  publisher	= {USENIX Association}
}

@InProceedings{	  ku2014towards,
  title		= {Towards Software-Defined VANET: Architectures and
		  Services},
  author	= {Ku, Ian and Lu, You and Cerqueira, Eduardo and Gomes,
		  Rafael and Gerla, Mario},
  booktitle	= {Proceedings of the Med-Hoc-Net 2014},
  year		= {2014}
}

@InProceedings{	  erickson2013beacon,
  title		= {The beacon openflow controller},
  author	= {Erickson, David},
  booktitle	= {Proceedings of the 2nd HotSDN,2013},
  pages		= {13--18},
  year		= {2013},
  organization	= {ACM}
}

@Article{	  cai2010maestro,
  title		= {Maestro: A system for scalable openflow control},
  author	= {Cai, Zheng and Cox, Alan L and Ng, TS Eugene},
  journal	= {Structure},
  year		= {2010}
}

@InProceedings{	  levin2012logically,
  title		= {Logically centralized?: state distribution trade-offs in
		  software defined networks},
  author	= {Levin, Dan and Wundsam, Andreas and Heller, Brandon and
		  Handigol, Nikhil and Feldmann, Anja},
  booktitle	= {Proceedings of the 1st HotSDN,2012},
  pages		= {1--6},
  year		= {2012},
  organization	= {ACM}
}

@Article{	  mckeown2008openflow,
  title		= {OpenFlow: enabling innovation in campus networks},
  author	= {McKeown, Nick and Anderson, Tom and Balakrishnan, Hari and
		  Parulkar, Guru and Peterson, Larry and Rexford, Jennifer
		  and Shenker, Scott and Turner, Jonathan},
  journal	= {ACM SIGCOMM Computer Communication Review},
  volume	= {38},
  number	= {2},
  pages		= {69--74},
  year		= {2008},
  publisher	= {ACM}
}

@InProceedings{	  mendonca2012case,
  title		= {The case for software-defined networking in heterogeneous
		  networked environments},
  author	= {Mendonca, Marc and Obraczka, Katia and Turletti, Thierry},
  booktitle	= {Proceedings of the 2012 ACM conference on CoNEXT},
  pages		= {59--60},
  year		= {2012},
  organization	= {ACM}
}

@InProceedings{	  mininet,
  author	= {Lantz, Bob and Heller, Brandon and McKeown, Nick},
  title		= {A Network in a Laptop: Rapid Prototyping for
		  Software-defined Networks},
  booktitle	= {Proceedings of the 9th ACM SIGCOMM Workshop on
		  Hotnets,2010},
  year		= {2010},
  pages		= {19:1--19:6},
  publisher	= {ACM}
}

@Misc{		  nfvusecase,
  author	= {ETSI},
  title		= {Network Functions Virtualisation (NFV) Use Cases},
  howpublished	= {\url{http://www.etsi.org/deliver/etsi_gs/NFV/001_099/001/01.01.01_60/gs_NFV001v010101p.pdf}}
}

@Article{	  mysore2009psf,
  author	= {Niranjan Mysore, Radhika and Pamboris, Andreas and
		  Farrington, Nathan and Huang, Nelson and Miri, Pardis and
		  Radhakrishnan, Sivasankar and Subramanya, Vikram and
		  Vahdat, Amin},
  title		= {PortLand: A Scalable Fault-tolerant Layer 2 Data Center
		  Network Fabric},
  journal	= {ACM SIGCOMM Computer Communication Review},
  issue_date	= {October 2009},
  volume	= {39},
  number	= {4},
  year		= {2009},
  pages		= {39--50},
  publisher	= {ACM}
}

@Misc{		  ns3,
  title		= {Ns-3.22 - Nsnam},
  howpublished	= {\url{https://www.nsnam.org/wiki/Ns-3.22}}
}

@Misc{		  nsffia,
  author	= {NSF-FIA},
  title		= {{NSF Future Internet Architecture Project}},
  howpublished	= {\url{http://www.nets-fia.net/}}
}

@Misc{		  openflow,
  title		= {openflow-spec-v1.1.0},
  howpublished	= {\url{http://archive.openflow.org/documents/openflow-spec-v1.1.0.pdf}}
}

@Misc{		  openflow1.3,
  author	= {ONF},
  title		= {{OpenFlow V 1.3}},
  howpublished	= {\url{http://www.cisco.com/web/solutions/sp/vni/vni_forecast_highlights/index.html}}
}

@Misc{		  openvswitch,
  author	= {OVS},
  title		= {{Open vSwitch}},
  howpublished	= {\url{http://openvswitch.org/}}
}

@Misc{		  oregondataset,
  title		= {SNAP Autonomous systems - Oregon-1 data set},
  howpublished	= {\url{http://snap.stanford.edu/data/oregon1.html}}
}

@Misc{		  floodlight,
  title		= {Floodlight OpenFlow Controller -Project Floodlight},
  howpublished	= {\url{http://www.projectfloodlight.org/floodlight/}}
}

@InProceedings{	  panda2013cap,
  title		= {CAP for Networks},
  author	= {Panda, Aurojit and Scott, Colin and Ghodsi, Ali and
		  Koponen, Teemu and Shenker, Scott},
  booktitle	= {Proceedings of the 2nd HotSDN, 2013},
  pages		= {91--96},
  year		= {2013},
  organization	= {ACM}
}

@InProceedings{	  phemius2013openflow,
  title		= {Openflow: Why latency does matter},
  author	= {Phemius, Kevin and Thales, Mathieu Bouet},
  booktitle	= {Proceedings of the IFIP IM, 2013},
  pages		= {680--683},
  year		= {2013},
  organization	= {IEEE}
}

@Article{	  qadir2013building,
  title		= {Building Programmable Wireless Networks: An Architectural
		  Survey},
  author	= {Qadir, Junaid and Ahmed, Nadeem and Ahad, Nauman},
  journal	= {arXiv preprint arXiv:1310.0251},
  year		= {2013}
}

@Misc{		  qemu,
  title		= {{QuickEmulator}},
  howpublished	= {\url{http://wiki.qemu.org/Main_Page}}
}

@Misc{		  opendaylight,
  title		= {{OpenDaylight}},
  howpublished	= {\url{http://www.opendaylight.org/}}
}

@Misc{		  opencontrail,
  title		= {{Juniper Networks - Opencontrail}},
  howpublished	= {\url{http://www.opencontrail.org/}}
}

@Misc{		  hpvansdn,
  title		= {{HP Virtual Application Networks SDN Controller}},
  howpublished	= {\url{http://h17007.www1.hp.com/docs/networking/solutions/sdn/4AA4-8807ENW.PDF}}
}

@InProceedings{	  rosfive,
  author	= {Ros, Francisco Javier and Ruiz, Pedro Miguel},
  title		= {Five Nines of Southbound Reliability in Software-defined
		  Networks},
  booktitle	= {Proceedings of the 3rd HotSDn, 2014},
  year		= {2014},
  pages		= {31--36},
  publisher	= {ACM}
}

@InProceedings{	  roy2014design,
  title		= {Design and Management of DOT: A Distributed OpenFlow
		  Testbed},
  author	= {Roy, Arup Raton and Bari, Md Faizul and Zhani, Mohamed
		  Faten and Ahmed, Reaz and Boutaba, Raouf},
  booktitle	= {Proceedings of the 14th IEEE/IFIP NOMS, 2014},
  year		= {2014}
}

@Misc{		  santos13software-definednetworking,
  title		= {Software-Defined Networking Based Capacity Sharing in
		  Hybrid Networks},
  author	= {Mateus A. S. Santos and Bruno T. De Oliveira and Cintia B.
		  Margi and Bruno A. A. Nunes and Thierry Turletti and Inria
		  Sophia Antipolis and Katia Obraczka},
  year		= {2013}
}

@InProceedings{	  scott2013sdn,
  title		= {Sdn security: A survey},
  author	= {Scott-Hayward, Sandra and O'Callaghan, Gemma and Sezer,
		  Sakir},
  booktitle	= {Proceedings of the SDN4FNS, 2013},
  pages		= {1--7},
  year		= {2013},
  organization	= {IEEE}
}

@InProceedings{	  seddiki2014flowqos,
  title		= {Flowqos: Qos for the rest of us},
  author	= {Seddiki, M Said and Shahbaz, Muhammad and Donovan, Sean
		  and Grover, Sarthak and Park, Miseon and Feamster, Nick and
		  Song, Ye-Qiong},
  booktitle	= {Proceedings of the 3rd HotSDN, 2014},
  pages		= {207--208},
  year		= {2014},
  organization	= {ACM}
}

@Article{	  sezer2013we,
  title		= {Are we ready for SDN? Implementation challenges for
		  software-defined networks},
  author	= {Sezer, Sakir and Scott-Hayward, Sandra and Chouhan,
		  Pushpinder-Kaur and Fraser, Barbara and Lake, David and
		  Finnegan, Jim and Viljoen, Niel and Miller, Marc and Rao,
		  Navneet},
  journal	= {Communications Magazine, IEEE},
  volume	= {51},
  number	= {7},
  year		= {2013},
  publisher	= {IEEE}
}

@Article{	  shi2014fairness,
  title		= {Fairness in Wireless Networks: Issues, Measures and
		  Challenges},
  author	= {Shi, Huaizhou and Prasad, R Venkatesha and Onur, Ertan and
		  Niemegeers, IGMM},
  journal	= {IEEE Communications Surveys \& Tutorials},
  volume	= {16},
  number	= {1},
  pages		= {5--24},
  year		= {2014},
  publisher	= {IEEE}
}

@Article{	  venkataramani2014mobilityfirst,
  title		= {MobilityFirst: A mobility-centric and trustworthy internet
		  architecture},
  author	= {Venkataramani, Arun and Kurose, James F and Raychaudhuri,
		  Dipankar and Nagaraja, Kiran and Mao, Morley and Banerjee,
		  Suman},
  journal	= {ACM SIGCOMM Computer Communication Review},
  volume	= {44},
  number	= {3},
  pages		= {74--80},
  year		= {2014},
  publisher	= {ACM}
}

@InProceedings{	  wang2014scotch,
  title		= {Scotch: Elastically Scaling up SDN Control-Plane using
		  vSwitch based Overlay},
  author	= {Wang, An and Guo, Yang and Hao, Fang and Lakshman, TV and
		  Chen, Songqing},
  booktitle	= {Proceedings of the 10th ACM CoNEXT, 2014},
  pages		= {403--414},
  year		= {2014},
  organization	= {ACM}
}

@Article{	  wolf2014choicenet,
  title		= {ChoiceNet: toward an economy plane for the Internet},
  author	= {Wolf, Tilman and Griffioen, James and Calvert, Kenneth L
		  and Dutta, Rudra and Rouskas, George N and Baldin, Ilya and
		  Nagurney, Anna},
  journal	= {ACM SIGCOMM Computer Communication Review},
  volume	= {44},
  number	= {3},
  pages		= {58--65},
  year		= {2014},
  publisher	= {ACM}
}

@InProceedings{	  yap2010blueprint,
  title		= {Blueprint for introducing innovation into wireless mobile
		  networks},
  author	= {Yap, Kok-Kiong and Sherwood, Rob and Kobayashi, Masayoshi
		  and Huang, Te-Yuan and Chan, Michael and Handigol, Nikhil
		  and McKeown, Nick and Parulkar, Guru},
  booktitle	= {Proceedings of the 2nd SIGCOMM VISA, 2010},
  pages		= {25--32},
  year		= {2010},
  organization	= {ACM}
}

@Article{	  yeganeh2013scalability,
  title		= {On scalability of software-defined networking},
  author	= {Yeganeh, Soheil Hassas and Tootoonchian, Amin and Ganjali,
		  Yashar},
  journal	= {IEEE Communications Magazine,},
  volume	= {51},
  number	= {2},
  pages		= {136--141},
  year		= {2013},
  publisher	= {IEEE}
}

@InProceedings{	  yu2014palantir,
  title		= {Palantir: Reseizing network proximity in large-scale
		  distributed computing frameworks using sdn},
  author	= {Yu, Ze and Li, Min and Yang, Xin and Li, Xiaolin},
  booktitle	= {Proceedings of the 7th CLOUD, 2014},
  pages		= {440--447},
  year		= {2014},
  organization	= {IEEE}
}

@Article{	  huang2014network,
  title		= {Network Hypervisors: Enhancing SDN Infrastructure},
  author	= {Huang, Shufeng and Griffioen, James and Calvert, Kenneth
		  L},
  journal	= {Computer Communications},
  volume	= {46},
  pages		= {87--96},
  year		= {2014},
  publisher	= {Elsevier}
}

@InProceedings{	  reitblatt2011consistent,
  title		= {Consistent updates for software-defined networks: Change
		  you can believe in!},
  author	= {Reitblatt, Mark and Foster, Nate and Rexford, Jennifer and
		  Walker, David},
  booktitle	= {Proceedings of the 10th ACM Workshop on Hot Topics in
		  Networks},
  pages		= {7},
  year		= {2011},
  organization	= {ACM}
}

@InProceedings{	  yuan2014generating,
  title		= {Generating consistent updates for software-defined network
		  configurations},
  author	= {Yuan, Yifei and Ivan{\v{c}}i{\'c}, Franjo and Lumezanu,
		  Cristian and Zhang, Shuyuan and Gupta, Aarti},
  booktitle	= {Proceedings of the third workshop on Hot topics in
		  software defined networking},
  pages		= {221--222},
  year		= {2014},
  organization	= {ACM}
}

@InProceedings{	  curtis2011devoflow,
  title		= {DevoFlow: Scaling flow management for high-performance
		  networks},
  author	= {Curtis, Andrew R and Mogul, Jeffrey C and Tourrilhes, Jean
		  and Yalagandula, Praveen and Sharma, Puneet and Banerjee,
		  Sujata},
  booktitle	= {ACM SIGCOMM Computer Communication Review},
  volume	= {41},
  number	= {4},
  pages		= {254--265},
  year		= {2011},
  organization	= {ACM}
}

@InProceedings{	  tootoonchian2012controller,
  title		= {On controller performance in software-defined networks},
  author	= {Tootoonchian, Amin and Gorbunov, Sergey and Ganjali,
		  Yashar and Casado, Martin and Sherwood, Rob},
  booktitle	= {USENIX Workshop on Hot Topics in Management of Internet,
		  Cloud, and Enterprise Networks and Services (Hot-ICE)},
  volume	= {54},
  year		= {2012}
}

@InProceedings{	  casado2007ethane,
  title		= {Ethane: Taking control of the enterprise},
  author	= {Casado, Martin and Freedman, Michael J and Pettit, Justin
		  and Luo, Jianying and McKeown, Nick and Shenker, Scott},
  booktitle	= {ACM SIGCOMM Computer Communication Review},
  volume	= {37},
  number	= {4},
  pages		= {1--12},
  year		= {2007},
  organization	= {ACM}
}

@Article{	  yu2011scalable,
  title		= {Scalable flow-based networking with DIFANE},
  author	= {Yu, Minlan and Rexford, Jennifer and Freedman, Michael J
		  and Wang, Jia},
  journal	= {ACM SIGCOMM Computer Communication Review},
  volume	= {41},
  number	= {4},
  pages		= {351--362},
  year		= {2011},
  publisher	= {ACM}
}

@Article{	  nunes2014survey,
  title		= {A survey of software-defined networking: Past, present,
		  and future of programmable networks},
  author	= {Nunes, B and Mendonca, Marc and Nguyen, X and Obraczka,
		  Katia and Turletti, Thierry},
  journal	= {IEEE Communications Surveys Tutorials },
  year		= {2014},
  publisher	= {IEEE}
}

@InProceedings{	  jain2013b4,
  title		= {B4: Experience with a globally-deployed software defined
		  WAN},
  author	= {Jain, Sushant and Kumar, Alok and Mandal, Subhasree and
		  Ong, Joon and Poutievski, Leon and Singh, Arjun and
		  Venkata, Subbaiah and Wanderer, Jim and Zhou, Junlan and
		  Zhu, Min and others},
  booktitle	= {Proceedings of the SIGCOMM, 2013},
  pages		= {3--14},
  year		= {2013},
  organization	= {ACM}
}

@InProceedings{	  bansal2012openradio,
  title		= {Openradio: a programmable wireless dataplane},
  author	= {Bansal, Manu and Mehlman, Jeffrey and Katti, Sachin and
		  Levis, Philip},
  booktitle	= {Proceedings of the 1st HotSDN, 2012},
  pages		= {109--114},
  year		= {2012},
  organization	= {ACM}
}

@InProceedings{	  mendonca2012case,
  title		= {The case for software-defined networking in heterogeneous
		  networked environments},
  author	= {Mendonca, Marc and Obraczka, Katia and Turletti, Thierry},
  booktitle	= {Proceedings of the 2012 ACM conference on CoNEXT},
  pages		= {59--60},
  year		= {2012},
  organization	= {ACM}
}

@InProceedings{	  ku2014towards,
  title		= {Towards Software-Defined VANET: Architectures and
		  Services},
  author	= {Ku, Ian and Lu, You and Cerqueira, Eduardo and Gomes,
		  Rafael and Gerla, Mario},
  booktitle	= {Proceedings of the Med-Hoc-Net 2014},
  year		= {2014}
}

@Article{	  6994333,
  author	= {Kreutz, D. and Ramos, F.M.V. and Esteves Verissimo, P. and
		  Esteve Rothenberg, C. and Azodolmolky, S. and Uhlig, S.},
  journal	= {Proc. of the IEEE},
  title		= {{Software-Defined Networking: A Comprehensive Survey}},
  year		= {2015},
  month		= {Jan},
  volume	= {103},
  number	= {1},
  pages		= {14-76}
}

@InProceedings{	  phemius2013openflow,
  title		= {Openflow: Why latency does matter},
  author	= {Phemius, Kevin and Thales, Mathieu Bouet},
  booktitle	= {Proceedings of the IFIP IM, 2013},
  pages		= {680--683},
  year		= {2013},
  organization	= {IEEE}
}

@Misc{		  santos13software-definednetworking,
  title		= {Software-Defined Networking Based Capacity Sharing in
		  Hybrid Networks},
  author	= {Mateus A. S. Santos and Bruno T. De Oliveira and Cintia B.
		  Margi and Bruno A. A. Nunes and Thierry Turletti and Inria
		  Sophia Antipolis and Katia Obraczka},
  year		= {2013}
}

@Article{	  chung2013experiences,
  title		= {Experiences and Challenges in Deploying OpenFlow over Real
		  Wireless Mesh Networks},
  author	= {Chung, Joaquin and Gonzalez, Grace and Armuelles, Ivan and
		  Robles, Tomas and Alcarria, Ramon and Morales, Augusto},
  journal	= {Latin America Transactions, IEEE (Revista IEEE America
		  Latina)},
  volume	= {11},
  number	= {3},
  pages		= {955--961},
  year		= {2013},
  publisher	= {IEEE}
}

@InProceedings{	  gutierrez2010ieee,
  title		= {An IEEE 802.11 MAC Software Defined Radio implementation
		  for experimental wireless communications and networking
		  research},
  author	= {Gutierrez-Agullo, Juan R and Coll-Perales, Baldomero and
		  Gozalvez, Javier},
  booktitle	= {Proceedings of the IFIP WD, 2010},
  pages		= {1--5},
  year		= {2010},
  organization	= {IEEE}
}

@Article{	  qadir2013building,
  title		= {Building Programmable Wireless Networks: An Architectural
		  Survey},
  author	= {Qadir, Junaid and Ahmed, Nadeem and Ahad, Nauman},
  journal	= {arXiv preprint arXiv:1310.0251},
  year		= {2013}
}

@InProceedings{	  yap2010blueprint,
  title		= {Blueprint for introducing innovation into wireless mobile
		  networks},
  author	= {Yap, Kok-Kiong and Sherwood, Rob and Kobayashi, Masayoshi
		  and Huang, Te-Yuan and Chan, Michael and Handigol, Nikhil
		  and McKeown, Nick and Parulkar, Guru},
  booktitle	= {Proceedings of the 2nd SIGCOMM VISA, 2010},
  pages		= {25--32},
  year		= {2010},
  organization	= {ACM}
}

@Article{	  feamster2013sdx,
  title		= {SDX: A software-defined internet exchange},
  author	= {Feamster, Nick and Rexford, Jennifer and Shenker, Scott
		  and Clark, Russ and Hutchins, Ron and Levin, Dave and
		  Bailey, Josh},
  journal	= {Proceedings of the ONS, 2013},
  year		= {2013}
}

@InProceedings{	  scott2013sdn,
  title		= {Sdn security: A survey},
  author	= {Scott-Hayward, Sandra and O'Callaghan, Gemma and Sezer,
		  Sakir},
  booktitle	= {Proceedings of the SDN4FNS, 2013},
  pages		= {1--7},
  year		= {2013},
  organization	= {IEEE}
}

@InProceedings{	  kim2012coronet,
  title		= {CORONET: Fault Tolerance for Software Defined Networks},
  author	= {Kim, Hyojoon and Santos, JR and Turner, Y and Schlansker,
		  M and Tourrilhes, J and Feamster, Nick},
  booktitle	= {Proceedings of the 20th ICNP, 2012},
  pages		= {1--2},
  year		= {2012},
  organization	= {IEEE}
}

@Article{	  gude2008nox,
  title		= {NOX: towards an operating system for networks},
  author	= {Gude, Natasha and Koponen, Teemu and Pettit, Justin and
		  Pfaff, Ben and Casado, Mart{\'\i}n and McKeown, Nick and
		  Shenker, Scott},
  journal	= {ACM SIGCOMM Computer Communication Review},
  volume	= {38},
  number	= {3},
  pages		= {105--110},
  year		= {2008},
  publisher	= {ACM}
}

@InProceedings{	  guimaraes2013empowering,
  title		= {Empowering software defined wireless networks through
		  media independent handover management},
  author	= {Guimaraes, Carlos and Corujo, Daniel and Aguiar, Rui L and
		  Silva, Flavio and Frosi, Pedro},
  booktitle	= {Proceedings of the GLOBECOM, 2013},
  pages		= {2204--2209},
  year		= {2013},
  organization	= {IEEE}
}

@InProceedings{	  ascigil2014scalability,
  title		= {On the scalability of interdomain path computations},
  author	= {Ascigil, Onur and Calvert, Kenneth L and Griffioen, James
		  N},
  booktitle	= {Proceedings of the 13th IFIP Networking, 2014},
  pages		= {1--9},
  year		= {2014},
  organization	= {IEEE}
}

@Article{	  sezer2013we,
  title		= {Are we ready for SDN? Implementation challenges for
		  software-defined networks},
  author	= {Sezer, Sakir and Scott-Hayward, Sandra and Chouhan,
		  Pushpinder-Kaur and Fraser, Barbara and Lake, David and
		  Finnegan, Jim and Viljoen, Niel and Miller, Marc and Rao,
		  Navneet},
  journal	= {Communications Magazine, IEEE},
  volume	= {51},
  number	= {7},
  year		= {2013},
  publisher	= {IEEE}
}

@InProceedings{	  brito2014openwimesh,
  title		= {OpenWiMesh: A Framework for Software Defined Wireless Mesh
		  Networks},
  author	= {Brito, Italo and Gramacho, Sergio and Ferreira, Ibirisol
		  and Nazare, Marcelo and Sampaio, Leobino and Figueiredo,
		  Gustavo B},
  booktitle	= {Symposium of the SBRC, 2014},
  pages		= {199--206},
  year		= {2014},
  organization	= {IEEE}
}

@Article{	  foster2013languages,
  title		= {Languages for software-defined networks},
  author	= {Foster, Nate and Guha, Arjun and Reitblatt, Mark and
		  Story, Alec and Freedman, Michael J and Katta, Naga Praveen
		  and Monsanto, Christopher and Reich, Joshua and Rexford,
		  Jennifer and Schlesinger, Cole and others},
  journal	= {Communications Magazine, IEEE},
  volume	= {51},
  number	= {2},
  pages		= {128--134},
  year		= {2013},
  publisher	= {IEEE}
}

@Article{	  shi2014fairness,
  title		= {Fairness in Wireless Networks: Issues, Measures and
		  Challenges},
  author	= {Shi, Huaizhou and Prasad, R Venkatesha and Onur, Ertan and
		  Niemegeers, IGMM},
  journal	= {IEEE Communications Surveys \& Tutorials},
  volume	= {16},
  number	= {1},
  pages		= {5--24},
  year		= {2014},
  publisher	= {IEEE}
}

@InProceedings{	  dixit2014elasticon,
  title		= {ElastiCon: an elastic distributed sdn controller},
  author	= {Dixit, Advait and Hao, Fang and Mukherjee, Sarit and
		  Lakshman, TV and Kompella, Ramana Rao},
  booktitle	= {Proceedings of the 10th ANCS , 2014},
  pages		= {17--28},
  year		= {2014},
  organization	= {ACM}
}

@InProceedings{	  yu2014palantir,
  title		= {Palantir: Reseizing network proximity in large-scale
		  distributed computing frameworks using sdn},
  author	= {Yu, Ze and Li, Min and Yang, Xin and Li, Xiaolin},
  booktitle	= {Proceedings of the 7th CLOUD, 2014},
  pages		= {440--447},
  year		= {2014},
  organization	= {IEEE}
}

@InProceedings{	  wang2014scotch,
  title		= {Scotch: Elastically Scaling up SDN Control-Plane using
		  vSwitch based Overlay},
  author	= {Wang, An and Guo, Yang and Hao, Fang and Lakshman, TV and
		  Chen, Songqing},
  booktitle	= {Proceedings of the 10th ACM CoNEXT, 2014},
  pages		= {403--414},
  year		= {2014},
  organization	= {ACM}
}

@InProceedings{	  roy2014design,
  title		= {Design and Management of DOT: A Distributed OpenFlow
		  Testbed},
  author	= {Roy, Arup Raton and Bari, Md Faizul and Zhani, Mohamed
		  Faten and Ahmed, Reaz and Boutaba, Raouf},
  booktitle	= {Proceedings of the 14th IEEE/IFIP NOMS, 2014},
  year		= {2014}
}

@InProceedings{	  ali2013crowd,
  title		= {CROWD: An SDN Approach for DenseNets},
  author	= {Ali-Ahmad, Hassan and Cicconetti, Claudio and De la Oliva,
		  Antonio and Draxler, Martin and Gupta, Rohit and Mancuso,
		  Vincenzo and Roullet, Laurent and Sciancalepore, Vincenzo},
  booktitle	= {Proceedings of the 2nd EWSDN, 2013},
  pages		= {25--31},
  year		= {2013},
  organization	= {IEEE}
}

@Misc{		  openflow,
  title		= {openflow-spec-v1.1.0},
  howpublished	= {\url{http://archive.openflow.org/documents/openflow-spec-v1.1.0.pdf}}
}

@Misc{		  tinydb,
  title		= {Introduction-; {TinyDB} 3.2.1 documentation},
  howpublished	= {\url{http://tinydb.readthedocs.io/en/latest/intro.html}}
}

@Misc{		  pox,
  title		= {{POX}},
  howpublished	= {\url{https://openflow.stanford.edu/display/ONL/POX+Wiki}}
}

@InProceedings{	  chau2013wireless,
  author	= {Chaudet, C. and Haddad, Y.},
  title		= {Wireless Software Defined Networks:Challenges and
		  opportunities},
  booktitle	= {Proceedings of the COMCAS, 2013},
  year		= {2013},
  pages		= {1-5}
}

@Article{	  6821738,
  author	= {Xu Xiaodong and Zhang Huixin and Dai Xun and Hou Yanzhao
		  and Tao Xiaofeng and Zhang Ping},
  title		= {SDN based next generation Mobile Network with Service
		  Slicing and trials},
  journal	= {Communications, China},
  year		= {2014},
  volume	= {11},
  number	= {2},
  pages		= {65-77}
}

@InProceedings{	  desai:2010:clf:1831443.1831452,
  author	= {Desai, Maulik and Nandagopal, Thyagarajan},
  title		= {Coping with Link Failures in Centralized Control Plane
		  Architectures},
  booktitle	= {Proceedings of the 2nd COMSNET, 2010},
  year		= {2010},
  pages		= {79--88},
  publisher	= {IEEE Press}
}

@Article{	  niranjanmysore:2009:psf:1594977.1592575,
  author	= {Niranjan Mysore, Radhika and Pamboris, Andreas and
		  Farrington, Nathan and Huang, Nelson and Miri, Pardis and
		  Radhakrishnan, Sivasankar and Subramanya, Vikram and
		  Vahdat, Amin},
  title		= {PortLand: A Scalable Fault-tolerant Layer 2 Data Center
		  Network Fabric},
  journal	= {ACM SIGCOMM Computer Communication Review},
  issue_date	= {October 2009},
  volume	= {39},
  number	= {4},
  year		= {2009},
  pages		= {39--50},
  publisher	= {ACM}
}

@InProceedings{	  koponen:2010:odc:1924943.1924968,
  author	= {Koponen, Teemu and Casado, Martin and Gude, Natasha and
		  Stribling, Jeremy and Poutievski, Leon and Zhu, Min and
		  Ramanathan, Rajiv and Iwata, Yuichiro and Inoue, Hiroaki
		  and Hama, Takayuki and Shenker, Scott},
  title		= {Onix: A Distributed Control Platform for Large-scale
		  Production Networks},
  booktitle	= {Proceedings of the 9th USENIX Conference on OSDI, 2010},
  year		= {2010},
  pages		= {1--6},
  publisher	= {USENIX Association}
}

@Misc{		  mptcp_kernel,
  title		= {{MultiPath {TCP} - Linux Kernel implementation}},
  howpublished	= {\url{https://multipath-tcp.org}}
}

@Misc{		  ipassonline,
  optauthor	= {Cisco},
  opttitle	= {VNI Forecast Highlights},
  opthowpublished={\url{http://www.cisco.com/web/solutions/sp/vni/vni_forecast_highlights/index.html}}
}

@Article{	  cui2015fmtcp,
  title		= {FMTCP: A fountain code-based multipath transmission
		  control protocol},
  author	= {Cui, Yong and Wang, Lian and Wang, Xin and Wang, Hongyi
		  and Wang, Yining},
  journal	= {IEEE/ACM Transactions on Networking (TON)},
  volume	= {23},
  number	= {2},
  pages		= {465--478},
  year		= {2015},
  publisher	= {IEEE Press}
}

@Misc{		  lantz2015mininet,
  title		= {Mininet-an instant virtual network on your laptop (or
		  other pc)},
  author	= {Lantz, B and Heller, B and Handigol, N and Jeyakumar, V
		  and O’Connor, B},
  year		= {2015},
  publisher	= {March}
}

@InProceedings{	  gui2014enh,
  author	= {Guimaraes, C. and Corujo, D. and Aguiar, R.L.},
  booktitle	= {Proceedings of the ICC, 2014},
  title		= {Enhancing openflow with Media Independent Management
		  capabilities},
  year		= {2014},
  month		= {June},
  pages		= {2995-3000}
}

@TechReport{	  draftbalia,
  title		= {{Balanced Linked Adaptation Congestion Control Algorithm
		  for MPTCP}},
  author	= {Anwar Walid and Qiuyu Peng and Steven H. Low and Jaehyun
		  Hwang},
  institution	= {Internet Engineering Task Force - Draft},
  month		= {Jan},
  year		= {2016}
}

@Article{	  nav:nav3800220110,
  author	= {Salkin, Harvey M. and De Kluyver, Cornelis A.},
  title		= {The knapsack problem: A survey},
  journal	= {Naval Research Logistics Quarterly},
  volume	= {22},
  number	= {1},
  publisher	= {Wiley Subscription Services},
  pages		= {127--144},
  year		= {1975}
}

@InProceedings{	  barre:2011:mtt:2008780.2008824,
  author	= {Barr{\'e}, S{\'e}bastien and Paasch, Christoph and
		  Bonaventure, Olivier},
  title		= {MultiPath {TCP}: From Theory to Practice},
  booktitle	= {Proceedings of the 10th IFIP Networking},
  year		= {2011},
  pages		= {444--457},
  publisher	= {Springer-Verlag},
  address	= {Berlin, Heidelberg}
}

@TechReport{	  rfc6418,
  title		= {Multiple Interfaces and Provisioning Domains Problem
		  Statement},
  author	= {Pierrick Seite and Marc Blanchet},
  institution	= {IETF, RFC6418},
  month		= {Nov},
  year		= {2011}
}

@TechReport{	  bonaventure-mptcp-experience,
  title		= {Experience with Multipath TCP},
  author	= {Olivier Bonaventure and Christoph Paasch},
  institution	= {IETF - Draft},
  month		= {Jul},
  year		= {2014}
}

@TechReport{	  ford2011architectural,
  title		= {Architectural guidelines for multipath TCP development},
  author	= {Ford, Alan and Raiciu, Costin and Handley, Mark and Barre,
		  Sebastien and Iyengar, J.},
  institution	= {IETF, RFC6824},
  month		= {Jan},
  year		= {2011}
}

@TechReport{	  raiciu2011coupled,
  title		= {Coupled congestion control for multipath transport
		  protocols},
  author	= {Raiciu, Costin and Handley, Mark and Wischik, Damon},
  institution	= {IETF, RFC6356},
  year		= {2011}
}

@TechReport{	  scharf2013multipath,
  title		= {Multipath TCP (MPTCP) application interface
		  considerations},
  author	= {Scharf, Michael and Ford, Alan},
  institution	= {IETF, RFC6897},
  year		= {2013}
}

@InProceedings{	  de2015poster,
  title		= {Poster: evaluating android applications with Multipath
		  TCP},
  author	= {De Coninck, Quentin and Baerts, Matthieu and Hesmans,
		  Benjamin and Bonaventure, Olivier},
  booktitle	= {Proceedings of the 21st Annual International Conference on
		  Mobile Computing and Networking},
  pages		= {230--232},
  year		= {2015},
  organization	= {ACM}
}

@InProceedings{	  zhou2013goodput,
  title		= {Goodput improvement for multipath {TCP} by congestion
		  window adaptation in multi-radio devices},
  author	= {Zhou, Dizhi and Song, Wei and Shi, Minghui},
  booktitle	= {Proceedings of 10th IEEE CCNC},
  pages		= {508--514},
  year		= {2013},
  organization	= {IEEE}
}

@InProceedings{	  frommgen2015poster,
  title		= {Poster: Use your Senses: A Smooth Multipath TCP
		  WiFi/Mobile Handover},
  author	= {Fr{\"o}mmgen, Alexander and Sadasivam, Sreeram and
		  M{\"u}ller, Sabrina and Klein, Anja and Buchmann, Alejandro},
  booktitle	= {Proceedings of the 21st Annual International Conference on
		  Mobile Computing and Networking},
  pages		= {248--250},
  year		= {2015},
  organization	= {ACM}
}

@InProceedings{	  sonkoly2014sdn,
  title		= {SDN based testbeds for evaluating and promoting multipath
		  tcp},
  author	= {Sonkoly, Bal{\'a}zs and N{\'e}meth, Felici{\'a}n and
		  Csikor, Levente and Guly{\'a}s, L{\'a}szl{\'o} and
		  Guly{\'a}s, Andr{\'a}s},
  booktitle	= {2014 IEEE International Conference on Communications
		  (ICC)},
  pages		= {3044--3050},
  year		= {2014},
  organization	= {IEEE}
}

@Article{	  oh2015constraint,
  title		= {Constraint-based proactive scheduling for {MPTCP} in
		  wireless networks},
  author	= {Oh, Bong-Hwan and Lee, Jaiyong},
  journal	= {Computer Networks},
  volume	= {91},
  pages		= {548--563},
  year		= {2015},
  publisher	= {Elsevier}
}

@Conference{	  true2016,
  author	= {True, I. and Armitage, G.},
  title		= {Potential redundant link fail-over strategies for
		  uptime-sensitive medical telemetry applications},
  journal	= {2016 IEEE 18th International Conference on e-Health
		  Networking, Applications and Services, Healthcom 2016},
  year		= {2016},
  art_number	= {7749441}
}

@InProceedings{	  mehani2015early,
  title		= {An early look at multipath TCP deployment in the wild},
  author	= {Mehani, Olivier and Holz, Ralph and Ferlin, Simone and
		  Boreli, Roksana},
  booktitle	= {Proceedings of the 6th International Workshop on Hot
		  Topics in Planet-Scale Measurement},
  pages		= {7--12},
  year		= {2015},
  organization	= {ACM}
}

@InProceedings{	  kheirkhah2015short,
  title		= {Short vs. Long Flows: A Battle That Both Can Win},
  author	= {Kheirkhah, Morteza and Wakeman, Ian and Parisis, George},
  booktitle	= {ACM SIGCOMM Computer Communication Review},
  volume	= {45},
  number	= {4},
  pages		= {349--350},
  year		= {2015},
  organization	= {ACM}
}

@Article{	  cao2016receiver,
  title		= {Receiver-centric Buffer Blocking-aware Multipath Data
		  Distribution in {MPTCP}-based Heterogeneous Wireless
		  Networks.},
  author	= {Cao, Yuanlong and Liu, Qinghua and Zuo, Yi and Ke, Fenfen
		  and Wang, Hao and Huang, Minghe},
  journal	= {KSII Tran. on Internet \& Information Systems},
  volume	= {10},
  number	= {10},
  year		= {2016}
}

@InProceedings{	  sarwar2013mitigating,
  title		= {Mitigating Receiver's Buffer Blocking by Delay Aware
		  Packet Scheduling in Multipath Data Transfer},
  author	= {Sarwar, Golam and Boreli, Roksana and Lochin, Emmanuel and
		  Mifdaoui, Ahlem and Smith, Guillaume},
  booktitle	= {Proceedings of 27th AINA},
  pages		= {1119--1124},
  year		= {2013},
  organization	= {IEEE}
}

@InProceedings{	  kheirkhah2016mmptcp,
  title		= {{MMPTCP}: A Multipath Transport Protocol for Data
		  Centers},
  author	= {Kheirkhah, Morteza and Wakeman, Ian and Parisis, George},
  booktitle	= {Proceedings of the IEEE INFOCOM},
  year		= {2016}
}

@Article{	  wang2015paths,
  title		= {Paths selection-based resequencing queue length in
		  concurrent multipath transfer},
  author	= {Wang, Fenghua and Xie, Dongliang and Wang, Jingyu and
		  Zhang, Peng and Shi, Yan},
  journal	= {Int. Journal of Communication Systems},
  volume	= {28},
  number	= {11},
  pages		= {1805--1827},
  year		= {2015},
  publisher	= {Wiley Online Library}
}

@InProceedings{	  iyengar2005receive,
  title		= {Receive buffer blocking in concurrent multipath transfer},
  author	= {Iyengar, Janardhan R and Amer, Paul D and Stewart,
		  Randall},
  booktitle	= {Proceedings of GLOBECOM},
  volume	= {1},
  pages		= {6--pp},
  year		= {2005},
  organization	= {IEEE}
}

@InProceedings{	  7577207,
  author	= {S. H. Ou and C. W. Huang and T. K. Lee and C. Y. Huang},
  booktitle	= {Proceedings of 12th IWCMC},
  title		= {Out-of-order transmission enabled congestion and
		  scheduling control for multipath {TCP}},
  year		= {2016},
  pages		= {1069-1073},
  month		= {Sept}
}

@Article{	  peng2016multipath,
  title		= {Multipath {TCP}: Analysis, design, and implementation},
  author	= {Peng, Qiuyu and Walid, Anwar and Hwang, Jaehyun and Low,
		  Steven H},
  journal	= {IEEE/ACM Tran. on Networking (ToN)},
  volume	= {24},
  number	= {1},
  pages		= {596--609},
  year		= {2016},
  publisher	= {IEEE Press}
}

@Article{	  nemeth2013large,
  title		= {A large-scale multipath playground for experimenters and
		  early adopters},
  author	= {N{\'e}meth, Felici{\'a}n and Sonkoly, Bal{\'a}zs and
		  Csikor, Levente and Guly{\'a}s, Andr{\'a}s},
  journal	= {ACM SIGCOMM Computer Communication Review},
  volume	= {43},
  number	= {4},
  pages		= {481--482},
  year		= {2013},
  organization	= {ACM}
}

@Article{	  khalili2013mptcp,
  title		= {{{MPTCP} is not pareto-optimal: performance issues and a
		  possible solution}},
  author	= {Khalili, Ramin and Gast, Nicolas and Popovic, Miroslav and
		  Le Boudec, Jean-Yves},
  journal	= {IEEE/ACM Tran. on Networking},
  volume	= {21},
  number	= {5},
  pages		= {1651--1665},
  year		= {2013},
  publisher	= {IEEE}
}

@Article{	  chang1975sequential,
  title		= {Sequential server queues for computer communication system
		  analysis},
  author	= {Chang, Wei},
  journal	= {IBM Journal of Research and Development},
  volume	= {19},
  number	= {5},
  pages		= {476--485},
  year		= {1975},
  publisher	= {IBM}
}

@Article{	  congestion_survey,
  author	= {C. Xu and J. Zhao and G. M. Muntean},
  journal	= {IEEE Comm. Surveys \& Tutorials},
  title		= {{Congestion Control Design for Multipath Transport
		  Protocols: A Survey}},
  year		= {2016},
  volume	= {18},
  number	= {4},
  pages		= {2948-2969},
  issn		= {1553-877X},
  month		= {Fourthquarter}
}

@InProceedings{	  7608280,
  author	= {Y. Cheng and T. A. N. Nguyen and M. M. Rahman and S.
		  Gangadhar and J. P. G. Sterbenz},
  booktitle	= {Proceedings of 8th RNDM},
  title		= {Geodiverse Routing Protocol with multipath forwarding
		  compared to MPTCP},
  year		= {2016},
  pages		= {142-149},
  month		= {Sept}
}


@article{kreutz2015software,
  title={Software-defined networking: A comprehensive survey},
  author={Kreutz, Diego and Ramos, Fernando MV and Verissimo, Paulo Esteves and Rothenberg, Christian Esteve and Azodolmolky, Siamak and Uhlig, Steve},
  journal={Proceedings of the IEEE},
  volume={103},
  number={1},
  pages={14--76},
  year={2015},
  publisher={IEEE}
}


@article{qazi2013simple,
  title={{SIMPLE}-fying middlebox policy enforcement using {SDN}},
  author={Qazi, Zafar Ayyub and Tu, Cheng-Chun and Chiang, Luis and Miao, Rui and Sekar, Vyas and Yu, Minlan},
  journal={ACM SIGCOMM computer communication review},
  volume={43},
  number={4},
  pages={27--38},
  year={2013},
  publisher={ACM}
}

@article{ozdag2012intel,
  title={Intel{\textregistered} Ethernet Switch {FM6000} Series-Software Defined Networking},
  author={Ozdag, Recep},
  journal={See goo.gl/AnvOvX},
  pages={5},
  year={2012}
}

